{"0":{"bids":[[995.64,18.8308],[995.63,10],[995.38,0.036],[995.35,1.14964116],[995.01,0.8624567]],"asks":[[999.29,1.54838503],[1000.23,6.66],[1000.25,585.88701486],[1000.5,200.8],[1000.75,200]]},"1":{"bids":[[999.68,30],[999.68,10],[999.68,1],[999.68,10],[999.29,10]],"asks":[[999.69,1.66520443],[999.69,2.49319545],[999.69,2],[999.69,1.26],[999.96,4.17335965]],"time":1516665604225},"level":"info","message":"","timestamp":"2018-01-23T00:00:03.442Z"}
{"0":{"bids":[[995.64,18.8308],[995.63,10],[995.38,0.036],[995.35,1.14964116],[995.05,5.025]],"asks":[[999.29,1.54838503],[1000.23,6.66],[1000.25,585.88701486],[1000.5,200.8],[1000.75,200]]},"1":{"bids":[[1001.5,18.92921951],[1001,4.62337662],[999.68,1],[999.68,0.5],[999.68,0.45418484]],"asks":[[1001.53,0.014],[1001.63,9],[1001.65,0.0234],[1001.67,9],[1001.74,0.01996526]],"time":1516665608444},"level":"info","message":"","timestamp":"2018-01-23T00:00:07.626Z"}
{"0":{"bids":[[995.68,9.06942504],[995.67,0.26942775],[995.66,9.87433045],[995.65,0.26943316],[995.64,3.53]],"asks":[[1000.23,6.66],[1000.24,1.30801],[1000.25,585.88701486],[1000.5,200.8],[1000.75,200]]},"1":{"bids":[[1001,4.62337662],[1001,10],[999.7,1.19],[999.69,20.68661874],[999.68,1]],"asks":[[1001.51,20],[1001.53,0.014],[1001.65,0.0234],[1001.66,0.4516],[1001.74,0.01996526]],"time":1516665612671},"level":"info","message":"","timestamp":"2018-01-23T00:00:11.832Z"}
{"0":{"bids":[[995.82,0.7305],[995.71,0.25149686],[995.7,9.06941963],[995.69,0.26942233],[995.68,0.26942504]],"asks":[[1000.22,6.66],[1000.24,1.30801],[1000.25,575.88701486],[1000.5,200.8],[1000.75,200]]},"1":{"bids":[[1001.84,10],[1001.84,30],[1001.84,10],[1001.84,1.26],[1001.01,0.92152032]],"asks":[[1001.85,0.73],[1001.85,8.8],[1001.89,0.4516],[1001.89,113.512955],[1001.9,0.0498899]],"time":1516665616809},"level":"info","message":"","timestamp":"2018-01-23T00:00:16.064Z"}
{"0":{"bids":[[1000.22,0.49727633],[999.08,8.8],[995.84,0.9089763],[995.83,0.25146655],[995.74,6.66]],"asks":[[1000.23,0.1149237],[1000.24,1.30801],[1000.25,575.88701486],[1000.5,200.8],[1000.75,200]]},"1":{"bids":[[1001.89,1.26],[1001.89,30],[1001.01,0.92152032],[1001,4.62337662],[1000.64,0.01998721]],"asks":[[1001.9,0.0498899],[1001.9,5.47457867],[1001.91,0.0234],[1002,10],[1002,1]],"time":1516665621083},"level":"info","message":"","timestamp":"2018-01-23T00:00:20.245Z"}
{"0":{"bids":[[1000.23,8.8],[999.55,8.8],[999.39,6.4296],[995.84,0.9089763],[995.75,3.53]],"asks":[[1000.24,0.81801],[1000.25,575.88701486],[1000.5,200.8],[1000.75,200],[1001,200]]},"1":{"bids":[[1002.38,30],[1002.38,10],[1001.74,0.01996526],[1001.01,0.92152032],[1001,4.62337662]],"asks":[[1002.83,8.8],[1003.01,166.37615828],[1003.02,77],[1003.06,0.4516],[1003.1,0.0234]],"time":1516665625220},"level":"info","message":"","timestamp":"2018-01-23T00:00:24.436Z"}
{"0":{"bids":[[1000.23,16.7073763],[995.85,8.681],[995.84,0.9089763],[995.66,10.16175901],[995.63,10]],"asks":[[1000.24,0.81801],[1000.25,575.88701486],[1000.5,200.8],[1000.75,200],[1001,200]]},"1":{"bids":[[1001.81,17.57226788],[1001.81,30],[1001.81,10],[1001.74,0.01996526],[1001,4.62337662]],"asks":[[1002.68,8.34853794],[1002.68,4.17157165],[1002.69,10],[1002.77,14.964],[1002.82,15.127]],"time":1516665629424},"level":"info","message":"","timestamp":"2018-01-23T00:00:28.593Z"}
{"0":{"bids":[[1000.24,14.37886304],[1000.23,8.0223],[999.03,8.8],[995.87,14.454],[995.86,0.9078844]],"asks":[[1000.25,566.35701486],[1000.5,200.8],[1000.75,200],[1001,200],[1001.15,0.01988334]]},"1":{"bids":[[1002.33,0.73978164],[1001.89,0.92071091],[1001.81,17.57226788],[1001.75,1.19],[1001.74,0.01996526]],"asks":[[1002.49,10],[1002.5,3.54031942],[1002.51,4.17157165],[1002.51,4.17157165],[1002.66,15.825]],"time":1516665633551},"level":"info","message":"","timestamp":"2018-01-23T00:00:32.776Z"}
{"0":{"bids":[[1000.24,13.27795304],[999.59,8.8],[996.04,5.021],[996.02,6.66],[996,15.6218659]],"asks":[[1000.25,555.39701486],[1000.5,200.8],[1000.75,200],[1001,200],[1001.15,0.01988334]]},"1":{"bids":[[1002.4,30],[1002.4,10],[1002.4,2],[1002.4,0.73978164],[1001.89,0.92071091]],"asks":[[1002.41,2.23575124],[1002.41,1.27],[1002.48,70.085],[1002.49,4.17157165],[1002.53,0.05]],"time":1516665638801},"level":"info","message":"","timestamp":"2018-01-23T00:00:37.961Z"}
{"0":{"bids":[[1000.24,13.27795304],[998.42,8.8],[996.06,6.66],[996.04,5.021],[996,15.6218659]],"asks":[[1000.25,555.39701486],[1000.5,200.8],[1000.75,200],[1001,200],[1001.15,0.01988334]]},"1":{"bids":[[1002.4,0.73978164],[1001.91,1.19],[1001.9,18.84681918],[1001.89,0.92071091],[1001.89,8]],"asks":[[1002.41,2.23575124],[1002.41,0.98823061],[1002.41,0.5847701],[1002.41,1.27],[1002.47,0.1]],"time":1516665642910},"level":"info","message":"","timestamp":"2018-01-23T00:00:42.164Z"}
{"0":{"bids":[[1000.24,13.27795304],[999.58,8.8],[996.56,5.015],[996.06,6.66],[996,0.9078659]],"asks":[[1000.25,555.39701486],[1000.5,200.8],[1000.75,200],[1001,200],[1001.15,0.01988334]]},"1":{"bids":[[1002.4,0.73978164],[1002.39,14.9632477],[1001.91,1.19],[1001.9,18.84681918],[1001.89,8]],"asks":[[1002.41,2.20637042],[1002.41,0.98823061],[1002.41,0.5847701],[1002.41,1.27],[1002.47,0.1]],"time":1516665647161},"level":"info","message":"","timestamp":"2018-01-23T00:00:46.324Z"}
{"0":{"bids":[[1000.24,12.35136304],[999.66,8.8],[996.61,73.66],[996.6,6.66],[996.58,72.494]],"asks":[[1000.25,553.16701486],[1000.5,200.8],[1000.75,200],[1001,200],[1001.15,0.01988334]]},"1":{"bids":[[1002.47,30],[1002.47,2],[1002.4,0.68870565],[1002.4,0.92024247],[1002.39,14.9632477]],"asks":[[1002.48,60.15247113],[1002.48,8.8],[1002.53,0.05],[1002.68,3.53577953],[1002.68,17.74727018]],"time":1516665652355},"level":"info","message":"","timestamp":"2018-01-23T00:00:51.517Z"}
{"0":{"bids":[[1000.24,12.35136304],[999.66,8.8],[996.67,73.893],[996.66,6.66],[996.64,72.1588291]],"asks":[[1000.25,553.16701486],[1000.5,200.8],[1000.75,200],[1001,200],[1001.15,0.01988334]]},"1":{"bids":[[1002.47,30],[1002.47,2],[1002.47,0.68870565],[1002.4,0.92024247],[1002.39,14.9632477]],"asks":[[1002.48,60.04903871],[1002.48,8.8],[1002.48,0.1],[1002.48,4.74388713],[1002.5,0.17951318]],"time":1516665656530},"level":"info","message":"","timestamp":"2018-01-23T00:00:55.700Z"}
{"0":{"bids":[[1000.24,9.44218124],[999.66,8.8],[996.73,3.52],[996.72,6.66],[996.7,69.464]],"asks":[[1000.25,553.07227855],[1000.5,200.8],[1000.75,200],[1001,200],[1001.15,0.01988334]]},"1":{"bids":[[1002.47,30],[1002.47,2],[1002.47,0.68870565],[1002.47,0.87],[1002.47,10]],"asks":[[1002.48,60.04903871],[1002.48,8.8],[1002.48,0.1],[1002.48,4.74388713],[1002.5,0.17951318]],"time":1516665660626},"level":"info","message":"","timestamp":"2018-01-23T00:00:59.909Z"}
{"0":{"bids":[[1000.24,9.44218124],[1000,0.7288],[999.66,8.8],[996.76,6.66],[996.74,72.0810195]],"asks":[[1000.25,552.89916597],[1000.5,200.8],[1000.75,200],[1001,200],[1001.15,0.01988334]]},"1":{"bids":[[1002.47,0.68870565],[1002.47,10],[1002.47,0.38],[1002.4,0.92024247],[1002.39,14.9632477]],"asks":[[1002.48,53.5495642],[1002.48,8.8],[1002.48,0.1],[1002.48,4.74388713],[1002.48,1.27]],"time":1516665664883},"level":"info","message":"","timestamp":"2018-01-23T00:01:04.062Z"}
{"0":{"bids":[[1000.24,8.66230124],[1000,0.7288],[999.66,8.8],[996.77,3.52],[996.76,6.66]],"asks":[[1000.25,552.89916597],[1000.5,200.8],[1000.75,200],[1001,200],[1001.15,0.01988334]]},"1":{"bids":[[1002.47,0.68870565],[1002.47,10],[1002.47,0.38],[1002.47,5.65868841],[1002.47,10]],"asks":[[1002.48,44.4185642],[1002.48,8.8],[1002.48,0.1],[1002.48,4.74388713],[1002.48,0.43518967]],"time":1516665669058},"level":"info","message":"","timestamp":"2018-01-23T00:01:08.222Z"}
{"0":{"bids":[[1000.24,8.66230124],[1000,0.7288],[999.66,8.8],[996.78,0.907882],[996.77,3.52]],"asks":[[1000.25,552.89916597],[1000.5,200.8],[1000.75,200],[1001,200],[1001.15,0.01988334]]},"1":{"bids":[[1002.47,0.68870565],[1002.47,10],[1002.47,0.38],[1002.47,5.65868841],[1002.47,19.849]],"asks":[[1002.48,44.38872793],[1002.48,8.8],[1002.48,0.1],[1002.48,4.74388713],[1002.48,0.43518967]],"time":1516665673189},"level":"info","message":"","timestamp":"2018-01-23T00:01:12.361Z"}
{"0":{"bids":[[1000.24,6.48221058],[1000,0.7288],[999.66,8.8],[996.84,3.52],[996.83,6.66]],"asks":[[1000.25,551.70916597],[1000.5,200.8],[1000.75,200],[1001,200],[1001.15,0.01988334]]},"1":{"bids":[[1002.47,0.38],[1002.47,5.65868841],[1002.47,1],[1002.4,0.92024247],[1002.39,14.9632477]],"asks":[[1002.48,7.60628047],[1002.48,0.1],[1002.48,4.74388713],[1002.48,0.43518967],[1002.48,0.25]],"time":1516665678331},"level":"info","message":"","timestamp":"2018-01-23T00:01:17.558Z"}
{"0":{"bids":[[1000.24,6.4084024],[1000,0.7288],[999.66,8.8],[996.84,3.52],[996.83,6.66]],"asks":[[1000.25,524.09916597],[1000.5,200.8],[1000.75,200],[1001,200],[1001.15,0.01988334]]},"1":{"bids":[[1002.47,0.38],[1002.47,5.65868841],[1002.47,0.92017821],[1002.39,14.9632477],[1002.32,0.05]],"asks":[[1002.48,5.53557753],[1002.48,35],[1002.48,1.27],[1002.48,8.8],[1002.48,10.151]],"time":1516665682571},"level":"info","message":"","timestamp":"2018-01-23T00:01:21.743Z"}
{"0":{"bids":[[1000.24,4.07749735],[1000,0.7288],[999.66,8.8],[996.9,6.66],[996.88,3.52]],"asks":[[1000.25,484.09916597],[1000.5,200.8],[1000.75,200],[1001,200],[1001.15,0.01988334]]},"1":{"bids":[[1002.47,0.38],[1002.47,5.65868841],[1002.47,0.92017821],[1002.47,7],[1002.39,14.9632477]],"asks":[[1002.48,5.53557753],[1002.48,35],[1002.48,1.27],[1002.48,8.8],[1002.48,10.151]],"time":1516665687763},"level":"info","message":"","timestamp":"2018-01-23T00:01:26.935Z"}
{"0":{"bids":[[1000.24,2.56199735],[1000,0.7288],[999.66,8.8],[996.93,3.52],[996.85,0.9079377]],"asks":[[1000.25,490.23816597],[1000.5,200.8],[1000.75,200],[1001,200],[1001.15,0.01988334]]},"1":{"bids":[[1002.39,3.92211432],[1002.24,0.05],[1002,0.97074906],[1002,5.23024949],[1001.74,0.01996526]],"asks":[[1002.4,5.5423],[1002.4,1.27],[1002.4,10.151],[1002.4,8.8],[1002.48,9.09897753]],"time":1516665691889},"level":"info","message":"","timestamp":"2018-01-23T00:01:31.080Z"}
{"0":{"bids":[[1000.24,1.90559735],[1000,0.7288],[999.66,8.8],[996.94,6.12],[996.52,4.4383394]],"asks":[[1000.25,490.23816597],[1000.5,200.8],[1000.75,200],[1001,200],[1001.15,0.01988334]]},"1":{"bids":[[1002.39,3.92211432],[1002.24,0.05],[1002,0.97074906],[1002,5.23024949],[1001.74,0.01996526]],"asks":[[1002.4,4.77355675],[1002.4,1.27],[1002.4,10.151],[1002.4,8.8],[1002.48,9.09897753]],"time":1516665696126},"level":"info","message":"","timestamp":"2018-01-23T00:01:35.359Z"}
{"0":{"bids":[[1000.24,1.90559735],[1000,0.7288],[998.87,8.8],[996.94,6.12],[996.52,0.9083394]],"asks":[[1000.25,490.20333399],[1000.5,200.8],[1000.75,200],[1001,200],[1001.15,0.01988334]]},"1":{"bids":[[1002,0.62212534],[1002,5.23024949],[1001.74,0.01996526],[1001.39,0.05],[1001.03,0.025]],"asks":[[1002.04,1.27],[1002.04,0.16],[1002.06,8.8],[1002.1,0.09781554],[1002.4,5]],"time":1516665700347},"level":"info","message":"","timestamp":"2018-01-23T00:01:39.513Z"}
{"0":{"bids":[[1000.24,1.90559735],[1000,0.7288],[998.92,8.8],[996.96,6.66],[996.94,6.12]],"asks":[[1000.25,490.20333399],[1000.5,200.8],[1000.75,200],[1001,200],[1001.15,0.01988334]]},"1":{"bids":[[1002.05,4.6561],[1002,0.14437797],[1002,5.23024949],[1002,0.9541719],[1001.9,0.05]],"asks":[[1002.06,7.40473205],[1002.06,1.09],[1002.1,0.09781554],[1002.4,5],[1002.4,10]],"time":1516665704481},"level":"info","message":"","timestamp":"2018-01-23T00:01:43.642Z"}
{"0":{"bids":[[1000.24,1.90559735],[1000,0.7288],[999.22,8.8],[996.4,6.66],[996.38,5.017]],"asks":[[1000.25,488.81333399],[1000.5,200.8],[1000.75,200],[1001,200],[1001.15,0.01988334]]},"1":{"bids":[[1002.01,2],[1002,5.12462746],[1002,0.9541719],[1002,2],[1002,100]],"asks":[[1002.06,7.40473205],[1002.06,1.09],[1002.06,7.53365573],[1002.06,3.50413127],[1002.1,0.09781554]],"time":1516665708670},"level":"info","message":"","timestamp":"2018-01-23T00:01:47.838Z"}
{"0":{"bids":[[1000.24,1.35312735],[1000,0.7288],[999.54,6.5367],[999.22,8.8],[996.41,4.4383608]],"asks":[[1000.25,488.81333399],[1000.5,200.8],[1000.75,200],[1001,200],[1001.15,0.01988334]]},"1":{"bids":[[1002.01,2],[1002,5.12462746],[1002,0.9541719],[1002,2],[1002,100]],"asks":[[1002.06,7.40473205],[1002.06,1.09],[1002.06,7.53365573],[1002.1,0.09781554],[1002.26,4.5241]],"time":1516665712848},"level":"info","message":"","timestamp":"2018-01-23T00:01:52.011Z"}
{"0":{"bids":[[1000,0.7288],[999.54,6.5367],[999.22,8.8],[996.41,0.9083608],[995.85,6.66]],"asks":[[1000.24,8.64687265],[1000.25,478.6836864],[1000.5,200.8],[1000.75,200],[1001,200]]},"1":{"bids":[[1002.01,2],[1002,5.12462746],[1002,0.9541719],[1002,2],[1002,100]],"asks":[[1002.06,7.38980766],[1002.06,1.09],[1002.06,7.53365573],[1002.1,0.09781554],[1002.1,0.1]],"time":1516665716955},"level":"info","message":"","timestamp":"2018-01-23T00:01:56.119Z"}
{"0":{"bids":[[1000,0.7288],[999.54,6.5367],[999.22,8.8],[995.96,6.66],[995.94,5.018]],"asks":[[1000.23,10],[1000.24,8.64687265],[1000.25,478.6836864],[1000.5,200.8],[1000.75,200]]},"1":{"bids":[[1002.01,2],[1002.01,1.1234],[1002.01,0.8],[1002,5.12462746],[1002,0.9541719]],"asks":[[1002.02,10],[1002.02,1.09],[1002.05,8.8],[1002.06,7.53365573],[1002.06,0.052]],"time":1516665721138},"level":"info","message":"","timestamp":"2018-01-23T00:02:00.302Z"}
{"0":{"bids":[[1000,0.7288],[999.54,6.5367],[999.22,8.8],[996.05,6.66],[996.03,3.53]],"asks":[[1000.23,9.32],[1000.24,8.64687265],[1000.25,478.6836864],[1000.5,200.8],[1000.75,200]]},"1":{"bids":[[1002.01,2],[1002.01,1.1234],[1002.01,0.8],[1002.01,0.13450916],[1002.01,1.25]],"asks":[[1002.02,10],[1002.03,0.93],[1002.04,8.11595001],[1002.04,0.36817299],[1002.06,7.53365573]],"time":1516665725322},"level":"info","message":"","timestamp":"2018-01-23T00:02:04.505Z"}
{"0":{"bids":[[1000,0.7288],[999.54,6.5367],[999.22,8.8],[996.17,6.66],[996.15,3.53]],"asks":[[1000.23,9.32],[1000.24,9.11187265],[1000.25,478.6836864],[1000.5,200.8],[1000.75,200]]},"1":{"bids":[[1002.01,0.30790916],[1002,5.12462746],[1002,0.9541719],[1002,2],[1002,100]],"asks":[[1002.02,5.00920463],[1002.02,11.99591529],[1002.02,15],[1002.03,0.93],[1002.03,11.55786098]],"time":1516665729490},"level":"info","message":"","timestamp":"2018-01-23T00:02:08.660Z"}
{"0":{"bids":[[999.54,6.5367],[999.22,8.8],[996.18,3.53],[996.17,6.66],[996.09,0.5136102]],"asks":[[1000,0.72187842],[1000.23,9.32],[1000.24,14.56396449],[1000.25,478.6836864],[1000.5,200.8]]},"1":{"bids":[[1002.01,0.30790916],[1002,5.12462746],[1002,0.9541719],[1002,2],[1002,100]],"asks":[[1002.02,5.00920463],[1002.02,11.99591529],[1002.02,15],[1002.02,1],[1002.02,0.06]],"time":1516665733555},"level":"info","message":"","timestamp":"2018-01-23T00:02:12.801Z"}
{"0":{"bids":[[999.54,6.5367],[999.22,8.8],[996.18,3.53],[996.17,6.66],[996.09,0.5136102]],"asks":[[1000,0.72187842],[1000.23,9.32],[1000.24,14.56396449],[1000.25,478.6836864],[1000.5,200.8]]},"1":{"bids":[[1002.01,0.30790916],[1002,5.12462746],[1002,0.9541719],[1002,2],[1002,100]],"asks":[[1002.02,5.00920463],[1002.02,11.99591529],[1002.02,15],[1002.02,1],[1002.02,0.06]],"time":1516665737759},"level":"info","message":"","timestamp":"2018-01-23T00:02:16.940Z"}
{"0":{"bids":[[999.54,6.5367],[999.22,8.8],[996.21,3.53],[996.2,6.66],[995.74,10.16175901]],"asks":[[1000,0.72187842],[1000.23,9.32],[1000.24,14.56396449],[1000.25,478.6836864],[1000.5,200.8]]},"1":{"bids":[[1002.01,0.30790916],[1002,5.12462746],[1002,0.9541719],[1002,2],[1002,100]],"asks":[[1002.02,5.00920463],[1002.02,11.99591529],[1002.02,15],[1002.02,1],[1002.02,0.06]],"time":1516665741949},"level":"info","message":"","timestamp":"2018-01-23T00:02:21.114Z"}
{"0":{"bids":[[999.44,8.8],[999.19,8.701],[995.45,6.66],[995.44,10.16175901],[995.43,8.554]],"asks":[[1000,0.72187842],[1000.23,9.32],[1000.24,14.56396449],[1000.25,478.6836864],[1000.5,200.8]]},"1":{"bids":[[1002,80.30670852],[1002,4],[1002,0.1],[1001.9,0.025],[1001.74,0.01996526]],"asks":[[1002.01,3.6859],[1002.01,0.8],[1002.01,8.8],[1002.01,6.2125],[1002.02,5.00920463]],"time":1516665748265},"level":"info","message":"","timestamp":"2018-01-23T00:02:27.439Z"}
{"0":{"bids":[[999.19,0.9287],[995.97,10.16175901],[995.94,6.66],[995.51,3.53],[995.47,5.023]],"asks":[[1000,0.72187842],[1000.23,9.32],[1000.24,14.56396449],[1000.25,478.6836864],[1000.5,200.8]]},"1":{"bids":[[1002,54.99404051],[1002,4],[1002,0.1],[1001.92,0.025],[1001.74,0.01996526]],"asks":[[1002.01,3.6859],[1002.01,0.8],[1002.01,8.8],[1002.01,6.2125],[1002.01,5.33]],"time":1516665753441},"level":"info","message":"","timestamp":"2018-01-23T00:02:32.625Z"}
{"0":{"bids":[[1000,8.61776158],[996.04,6.66],[995.93,0.5138623],[995.7,10.16175901],[995.69,5.02]],"asks":[[1000.23,9.32],[1000.24,14.56396449],[1000.25,478.6836864],[1000.5,200.8],[1000.75,200]]},"1":{"bids":[[1002,24.66042327],[1002,4],[1002,0.1],[1001.74,0.01996526],[1001.32,0.01]],"asks":[[1002.01,31.94483423],[1002.01,10],[1002.01,4.16931626],[1002.01,254.220511],[1002.01,11.99]],"time":1516665757617},"level":"info","message":"","timestamp":"2018-01-23T00:02:36.803Z"}
{"0":{"bids":[[1000,0.00006158],[996.39,6.66],[996.37,6.1907],[995.93,14.20562131],[995.69,5.02]],"asks":[[1000.23,9.32],[1000.24,14.56396449],[1000.25,478.6836864],[1000.5,200.8],[1000.75,200]]},"1":{"bids":[[1002,16.98216927],[1002,4],[1002,0.1],[1001.74,0.01996526],[1001.28,0.01]],"asks":[[1002.01,31.94483423],[1002.01,10],[1002.01,4.16931626],[1002.01,254.220511],[1002.01,11.99]],"time":1516665761795},"level":"info","message":"","timestamp":"2018-01-23T00:02:41.022Z"}
{"0":{"bids":[[1000,0.00006158],[997.05,1.15],[996.4,0.036],[996.39,6.66],[996.37,6.1907]],"asks":[[1000.23,17.341],[1000.24,14.56396449],[1000.25,478.6836864],[1000.5,200.8],[1000.75,200]]},"1":{"bids":[[1002,3.32034431],[1002,4],[1002,0.1],[1001.74,0.01996526],[1001.26,0.01]],"asks":[[1002.01,31.94483423],[1002.01,10],[1002.01,4.16931626],[1002.01,254.220511],[1002.01,11.99]],"time":1516665766007},"level":"info","message":"","timestamp":"2018-01-23T00:02:45.181Z"}
{"0":{"bids":[[997.1,6.66],[997.08,3.52],[997.05,1.15],[996.48,6.2125],[996.4,0.036]],"asks":[[1000,1.49815322],[1000.23,9.32],[1000.24,14.09896449],[1000.25,478.6836864],[1000.5,200.8]]},"1":{"bids":[[1002,0.30834431],[1002,0.1],[1001.74,0.01996526],[1001.61,0.01],[1001,4.62337662]],"asks":[[1002.01,15.32938921],[1002.01,10],[1002.01,4.16931626],[1002.01,11.99],[1002.01,20]],"time":1516665770226},"level":"info","message":"","timestamp":"2018-01-23T00:02:49.409Z"}
{"0":{"bids":[[997.14,3.52],[997.05,1.15],[996.4,0.036],[995.95,6.66],[995.93,10.16175901]],"asks":[[1000.23,9.32],[1000.24,14.56396449],[1000.25,478.6836864],[1000.5,200.8],[1000.75,200]]},"1":{"bids":[[1002,0.30834431],[1002,0.1],[1002,1.06],[1001.74,0.01996526],[1001.55,0.01]],"asks":[[1002.01,15.32938921],[1002.01,10],[1002.01,11.99],[1002.01,20],[1002.01,0.68]],"time":1516665774404},"level":"info","message":"","timestamp":"2018-01-23T00:02:53.588Z"}
{"0":{"bids":[[997.13,3.52],[997.12,12.7459],[997.05,1.15],[996.4,0.036],[995.87,10.16175901]],"asks":[[1000.23,9.32],[1000.24,14.56396449],[1000.25,478.6836864],[1000.5,200.8],[1000.75,200]]},"1":{"bids":[[1002,0.30834431],[1002,0.1],[1002,1.06],[1001.74,0.01996526],[1001,4.62337662]],"asks":[[1002.01,14.80567618],[1002.01,11.99],[1002.01,20],[1002.01,0.68],[1002.01,2.54]],"time":1516665778595},"level":"info","message":"","timestamp":"2018-01-23T00:02:57.772Z"}
{"0":{"bids":[[997.2,6.66],[997.18,3.52],[997.13,6.2125],[997.05,1.15],[996.4,0.036]],"asks":[[1000.23,9.32],[1000.24,14.56396449],[1000.25,478.6836864],[1000.5,200.8],[1000.75,200]]},"1":{"bids":[[1002,0.30834431],[1002,0.1],[1002,1.06],[1001.79,0.01],[1001.74,0.01996526]],"asks":[[1002.01,12.01965097],[1002.01,11.99],[1002.01,20],[1002.01,0.68],[1002.01,2.54]],"time":1516665782732},"level":"info","message":"","timestamp":"2018-01-23T00:03:01.898Z"}
{"0":{"bids":[[997.27,3.52],[997.23,6.2125],[997.05,1.15],[996.4,0.036],[995.94,6.66]],"asks":[[1000.23,9.32],[1000.24,14.56396449],[1000.25,478.6836864],[1000.5,200.8],[1000.75,200]]},"1":{"bids":[[1000,0.90003077],[1000,1],[1000,0.13],[1000,52],[1000,0.1]],"asks":[[1000.01,0.68],[1000.02,10],[1000.02,5.6119],[1000.1,0.09781554],[1000.55,20]],"time":1516665786893},"level":"info","message":"","timestamp":"2018-01-23T00:03:06.060Z"}
{"0":{"bids":[[997.23,6.2125],[997.05,1.15],[996.4,0.036],[995.99,6.66],[995.98,3.53]],"asks":[[1000.21,8.473],[1000.23,9.32],[1000.24,14.56396449],[1000.25,478.6836864],[1000.39,7.23161918]]},"1":{"bids":[[1000,43.59812299],[1000,0.1],[1000,0.15],[999.92,0.134],[999.86,0.05]],"asks":[[1000.01,0.6657],[1000.01,2.54],[1000.01,5.7785],[1000.01,3.50413127],[1000.01,10]],"time":1516665791048},"level":"info","message":"","timestamp":"2018-01-23T00:03:10.239Z"}
{"0":{"bids":[[997.23,6.2125],[997.05,1.15],[996.4,0.036],[996,6.66],[995.97,10.16175901]],"asks":[[1000.21,7.54114299],[1000.23,9.32],[1000.24,14.56396449],[1000.25,478.6836864],[1000.39,7.23161918]]},"1":{"bids":[[1000,29.89526866],[1000,0.1],[1000,0.15],[1000,0.085],[999.99,0.45085227]],"asks":[[1000.01,2.3581],[1000.01,3.50413127],[1000.01,10],[1000.01,11.99],[1000.01,20]],"time":1516665797218},"level":"info","message":"","timestamp":"2018-01-23T00:03:16.517Z"}
{"0":{"bids":[[997.24,0.1],[997.23,6.2125],[996.4,0.036],[996,6.66],[995.98,3.53]],"asks":[[1000.21,7.54114299],[1000.22,63.466],[1000.23,9.32],[1000.24,14.56396449],[1000.25,478.6836864]]},"1":{"bids":[[1000,12.64418061],[1000,0.1],[1000,0.15],[1000,0.085],[999.99,0.45085227]],"asks":[[1000.01,2.3581],[1000.01,3.50413127],[1000.01,10],[1000.01,11.99],[1000.01,0.36817299]],"time":1516665801519},"level":"info","message":"","timestamp":"2018-01-23T00:03:20.704Z"}
{"0":{"bids":[[997.24,0.1],[997.23,6.2125],[996.4,0.036],[995.87,10.16175901],[994.72,6.66]],"asks":[[1000.19,63.389],[1000.2,2.02],[1000.23,9.32],[1000.24,14.56396449],[1000.25,478.6836864]]},"1":{"bids":[[1000,12.64418061],[1000,0.1],[1000,0.15],[1000,0.085],[1000,0.13]],"asks":[[1000.01,2.3581],[1000.01,3.50413127],[1000.01,10],[1000.01,11.99],[1000.01,0.36817299]],"time":1516665805682},"level":"info","message":"","timestamp":"2018-01-23T00:03:24.843Z"}
{"0":{"bids":[[997.23,6.2125],[996.4,0.036],[995.87,10.16175901],[994.7,5.026],[993.14,3.98781]],"asks":[[1000.18,59.776],[1000.2,2.02],[1000.23,9.32],[1000.24,14.56396449],[1000.25,478.6836864]]},"1":{"bids":[[1000,12.64418061],[1000,0.1],[1000,0.15],[1000,0.085],[1000,0.13]],"asks":[[1000.01,2.3581],[1000.01,3.50413127],[1000.01,10],[1000.01,11.99],[1000.01,0.36817299]],"time":1516665809882},"level":"info","message":"","timestamp":"2018-01-23T00:03:29.044Z"}
{"0":{"bids":[[997.23,5.84011047],[997.21,1.15],[996.4,0.036],[994.7,5.026],[993.16,6.66]],"asks":[[997.24,10],[1000.16,15.638],[1000.17,9],[1000.18,61.796],[1000.23,9.32]]},"1":{"bids":[[1000,5.6],[1000,3.25],[1000,0.22421306],[999.99,0.45085227],[999.92,0.134]],"asks":[[1000.01,5.32728664],[1000.01,1],[1000.01,0.21],[1000.01,15],[1000.01,9.4]],"time":1516665814080},"level":"info","message":"","timestamp":"2018-01-23T00:03:33.238Z"}
{"0":{"bids":[[994.75,6.66],[994.73,5.7785],[993.18,3.54],[993.17,3.67047],[993.05,4]],"asks":[[997.2,0.29806028],[997.21,0.37238953],[997.22,0.37238953],[997.23,0.37238953],[997.24,10]]},"1":{"bids":[[998,3.32404797],[998,10],[998,0.18],[997.99,0.22545317],[997.75,0.601353]],"asks":[[998.01,10],[998.68,0.68560217],[999.99,13.5317124],[1000,254.220495],[1000,0.5]],"time":1516665818105},"level":"info","message":"","timestamp":"2018-01-23T00:03:37.351Z"}
{"0":{"bids":[[994.81,10.19],[994.78,5.7785],[994.73,5.7785],[993.17,3.67047],[992.76,5.035]],"asks":[[997.18,0.19806028],[997.19,0.29806028],[997.23,0.29806028],[997.24,10],[1000.15,9]]},"1":{"bids":[[998,9.63274989],[998,0.18],[998,0.499],[997.99,0.22545317],[997.75,0.601353]],"asks":[[998.01,8.7947701],[998.01,13.5317124],[998.01,0.81],[998.01,0.5],[998.01,0.16]],"time":1516665822334},"level":"info","message":"","timestamp":"2018-01-23T00:03:41.498Z"}
{"0":{"bids":[[994.81,5.8724],[993.17,3.67047],[992.68,0.40104009],[992.41,0.132],[992.03,4.11407]],"asks":[[995,3.12320136],[997.23,1.13236088],[997.24,10],[1000.14,95.578],[1000.15,74.98]]},"1":{"bids":[[998,3.12591708],[998,0.18],[998,0.499],[997.99,0.22545317],[997.75,0.601353]],"asks":[[998.01,8.15541204],[998.01,13.5317124],[998.01,0.81],[998.01,0.5],[998.01,0.16]],"time":1516665826519},"level":"info","message":"","timestamp":"2018-01-23T00:03:45.678Z"}
{"0":{"bids":[[994.81,2.65529864],[993.27,6.66],[993.23,3.38341],[992.68,0.40104009],[992.45,3.54]],"asks":[[994.96,0.1781002],[994.97,0.2781002],[994.98,0.2781002],[994.99,0.2781002],[997.22,15.638]]},"1":{"bids":[[997,5.33215807],[997,0.8],[996.95,0.022],[996.91,0.5],[996.77,0.01244964]],"asks":[[997.01,4.16931626],[997.01,0.81],[997.01,13.5317124],[997.01,0.5],[997.01,4.16931626]],"time":1516665831533},"level":"info","message":"","timestamp":"2018-01-23T00:03:50.835Z"}
{"0":{"bids":[[992.47,6.66],[992.05,20.16205009],[992.03,0.11407],[991.62,18.231155],[991.61,18.052197]],"asks":[[994.58,10],[994.59,10],[997.19,6.91955354],[997.2,80.829],[997.24,10]]},"1":{"bids":[[996.76,0.39714633],[996.58,5.85867573],[996.11,4.01221823],[996.1,71.89884252],[996.03,1.2]],"asks":[[996.77,0.5],[996.77,4.16931626],[996.77,5.7783],[996.77,15],[996.78,0.44]],"time":1516665838942},"level":"info","message":"","timestamp":"2018-01-23T00:03:58.104Z"}
{"0":{"bids":[[992.03,0.11407],[990.95,10.16175901],[990.92,0.67783],[990.89,5.041],[990.87,3]],"asks":[[994.58,9.9],[997.17,22.435],[997.18,23.454],[997.24,10],[998.06,7.23161918]]},"1":{"bids":[[996.58,5.07867573],[996.1,71.89884252],[996.01,0.102],[996.01,4.14160496],[996,0.01003]],"asks":[[996.59,1.55706745],[996.59,0.49],[996.59,4.16931626],[996.59,8.64],[996.59,4.16931626]],"time":1516665843121},"level":"info","message":"","timestamp":"2018-01-23T00:04:02.283Z"}
{"0":{"bids":[[990.97,5.038],[990.96,3.24079],[990.87,3],[989.92,16.77303302],[989.91,0.03262922]],"asks":[[994.58,9.9],[997.11,15.638],[997.12,3.49534799],[997.14,12.54],[997.15,10.88112]]},"1":{"bids":[[996.1,5.19354925],[996.01,0.102],[996.01,4.14160496],[996,0.01003],[996,12.03386715]],"asks":[[996.45,0.05],[996.45,0.49],[996.52,0.11912332],[996.59,1.55706745],[996.59,4.356]],"time":1516665848318},"level":"info","message":"","timestamp":"2018-01-23T00:04:07.483Z"}
{"0":{"bids":[[991.63,1.64523918],[991.62,0.33066465],[991.4,5.039],[991.38,10],[990.98,0.3308782]],"asks":[[995,10],[995.01,10],[997.04,3.49534799],[997.15,0.99012],[997.24,10]]},"1":{"bids":[[996.14,2.45081917],[996.11,10],[996.1,5.19354925],[996.1,8.25308406],[996.01,0.102]],"asks":[[996.35,0.49],[996.36,0.14808964],[996.41,4.9874],[996.42,2],[996.55,5.32728664]],"time":1516665852463},"level":"info","message":"","timestamp":"2018-01-23T00:04:11.625Z"}
{"0":{"bids":[[995,0.02],[991.63,1.64523918],[991.48,5.035],[991.46,2.7316],[991.38,10]],"asks":[[997.04,3.49534799],[997.15,0.99012],[997.24,10],[997.7,3.54],[997.71,7.23161918]]},"1":{"bids":[[996.14,2.45081917],[996.14,3],[996.11,10],[996.1,5.19354925],[996.1,8.25308406]],"asks":[[996.41,0.4],[996.42,2],[996.43,0.05],[996.47,6.0992],[996.76,0.49]],"time":1516665856617},"level":"info","message":"","timestamp":"2018-01-23T00:04:15.777Z"}
{"0":{"bids":[[991.63,1.64523918],[991.51,2.7316],[991.48,5.035],[991.38,10],[990.99,4]],"asks":[[997.04,3.49534799],[997.15,0.99012],[997.24,10],[997.7,3.54],[997.71,7.23161918]]},"1":{"bids":[[996.4,10],[996.4,30],[996.14,2.45081917],[996.14,3],[996.11,10]],"asks":[[996.46,0.4],[996.47,6.0992],[996.5,0.1],[996.58,0.05],[996.77,15]],"time":1516665860790},"level":"info","message":"","timestamp":"2018-01-23T00:04:19.954Z"}
{"0":{"bids":[[991.67,7.61200267],[991.64,3.28748336],[991.63,1.64523918],[991.53,7.7696],[991.51,2.7316]],"asks":[[997.04,3.49534799],[997.15,0.99012],[997.22,14.079],[997.23,10.346],[997.24,10]]},"1":{"bids":[[996.4,10],[996.4,30],[996.4,10],[996.2,0.62],[996.14,2.45081917]],"asks":[[996.45,0.4],[996.46,11.55786098],[996.46,4.9545],[996.5,0.1],[996.58,0.05]],"time":1516665864896},"level":"info","message":"","timestamp":"2018-01-23T00:04:24.057Z"}
{"0":{"bids":[[997.15,3.83162687],[991.81,7.61200267],[991.8,5.03],[991.79,13.721],[991.76,10.31908558]],"asks":[[997.71,7.23161918],[998.77,0.11407],[998.86,0.19802],[999.38,3.54],[999.39,15.638]]},"1":{"bids":[[996.89,10],[996.89,30],[996.89,10],[996.89,0.26],[996.4,10]],"asks":[[996.9,0.00001554],[997,20],[997.34,0.02005334],[997.73,0.15],[997.73,1.2]],"time":1516665869090},"level":"info","message":"","timestamp":"2018-01-23T00:04:28.249Z"}
{"0":{"bids":[[994.74,10],[991.93,11.10735066],[991.87,5.032],[991.85,17.20061731],[991.84,7.3159]],"asks":[[997.7,0.10400798],[998.76,0.83335],[998.77,0.11407],[999.26,6.66],[999.28,3.54]]},"1":{"bids":[[996.98,3.4512],[996.98,30],[996.98,10],[996.98,10],[996.98,0.11]],"asks":[[996.99,3.52112382],[997,20],[997.28,0.02],[997.34,0.02005334],[997.34,1]],"time":1516665873240},"level":"info","message":"","timestamp":"2018-01-23T00:04:32.404Z"}
{"0":{"bids":[[994.77,11.10735066],[994.74,17.2114],[993.35,5.031],[991.92,4],[991.89,26.14]],"asks":[[998.76,0.83335],[998.77,0.11407],[999.24,6.66],[999.28,3.54],[999.29,7.23161918]]},"1":{"bids":[[997.33,3.3276],[997.33,30],[997.33,0.34],[997.33,10],[997.33,10]],"asks":[[997.34,0.95010098],[997.5,5.9864],[997.73,0.15],[997.74,0.92017821],[998.01,0.16]],"time":1516665877443},"level":"info","message":"","timestamp":"2018-01-23T00:04:36.606Z"}
{"0":{"bids":[[994.74,7.2114],[993.51,5.027],[991.95,11.10735066],[991.92,4],[991.86,4]],"asks":[[998.03,6.66],[998.04,7.207],[998.05,10],[998.76,0.83335],[998.77,0.11407]]},"1":{"bids":[[997.64,0.2],[997.37,0.43],[997.34,13.83277947],[997.33,10],[997.33,257.71]],"asks":[[998,10],[998.01,0.16],[998.44,0.02003125],[998.48,3.57369965],[998.48,4.16931626]],"time":1516665881441},"level":"info","message":"","timestamp":"2018-01-23T00:04:40.787Z"}
{"0":{"bids":[[995.5,10],[995.02,9.5382],[993.57,11.10735066],[993.51,5.027],[992.04,48.232]],"asks":[[998.75,7.375],[998.76,0.83335],[998.77,0.11407],[999.27,6.66],[999.88,8.8]]},"1":{"bids":[[997.67,0.01],[997.35,0.01],[997.34,0.02],[997.33,10],[997.32,10]],"asks":[[998,4.77507359],[998,10.50385062],[998.01,0.16],[998.44,0.02003125],[998.48,4.16931626]],"time":1516665885767},"level":"info","message":"","timestamp":"2018-01-23T00:04:44.926Z"}
{"0":{"bids":[[995.45,8.2363],[993.58,3.45354],[993.56,10.643],[993.52,6.729],[993.51,5.027]],"asks":[[998.34,10],[998.74,6.122],[998.77,0.11407],[999.86,7.49335],[999.88,8.8]]},"1":{"bids":[[997.68,0.4],[997.68,12.01360324],[997.67,0.01],[997.35,0.01],[997.34,0.02]],"asks":[[998,10.50385062],[998.01,0.16],[998.44,0.02003125],[998.48,4.16931626],[998.65,0.012]],"time":1516665890054},"level":"info","message":"","timestamp":"2018-01-23T00:04:49.244Z"}
{"0":{"bids":[[995.45,8.2363],[994.38,0.1],[993.58,3.45354],[993.4,5.032],[993.1,11.10735066]],"asks":[[998.34,10],[998.74,6.122],[998.77,0.11407],[999.85,3.54],[999.86,7.49335]]},"1":{"bids":[[997.35,1.48],[997.34,0.02005334],[997,1.14016205],[997,0.50053159],[996.8,2.4909167]],"asks":[[998.14,0.0125],[999,0.15247851],[999,4.16931626],[999.18,10.4102],[999.18,3.57369965]],"time":1516665894180},"level":"info","message":"","timestamp":"2018-01-23T00:04:53.347Z"}
{"0":{"bids":[[995.45,8.2363],[993.61,11.10735066],[993.58,3.45354],[993.4,5.032],[993.07,4]],"asks":[[998.34,10],[998.74,6.122],[998.77,0.11407],[999.82,3.54],[999.83,6.66]]},"1":{"bids":[[997.5,1.67767558],[997.34,0.02005334],[997,1.14016205],[997,0.50053159],[997,2]],"asks":[[998.12,4.16931626],[998.14,0.0125],[999,0.15247851],[999.17,4.16931626],[999.18,10.4102]],"time":1516665898371},"level":"info","message":"","timestamp":"2018-01-23T00:04:57.530Z"}
{"0":{"bids":[[995.45,8.2363],[993.61,11.10735066],[993.58,3.45354],[993.4,5.032],[993.07,4]],"asks":[[998.34,10],[998.74,6.122],[998.77,0.11407],[999.82,3.54],[999.83,6.66]]},"1":{"bids":[[997.5,1.67767558],[997.5,0.025],[997.34,0.02005334],[997,1.14016205],[997,0.50053159]],"asks":[[997.72,0.92],[997.73,0.0125],[998.09,1.2],[998.1,70.163],[998.11,4.16931626]],"time":1516665902538},"level":"info","message":"","timestamp":"2018-01-23T00:05:01.694Z"}
{"0":{"bids":[[995.45,8.2363],[994.04,11.10735066],[994.02,3.17859],[994.01,5.028],[993.66,11.658]],"asks":[[998.34,1.5571],[998.74,6.122],[998.77,0.11407],[999.83,6.66],[999.92,3.54]]},"1":{"bids":[[997.55,10],[997.5,1.67767558],[997.5,0.025],[997.34,0.02005334],[997,1.14016205]],"asks":[[998.07,0.92],[998.08,68.89265049],[998.11,4.16931626],[999,0.15247851],[999.18,10.4102]],"time":1516665906742},"level":"info","message":"","timestamp":"2018-01-23T00:05:05.906Z"}
{"0":{"bids":[[995.94,10],[995.93,11.10735066],[995.9,10],[995.81,7.2866],[994.03,10.584]],"asks":[[998.77,0.11407],[999.91,6.66],[1000.19,0.83335],[1000.22,3.70667],[1000.23,9.32]]},"1":{"bids":[[998.07,20],[997.71,0.0116],[997.55,10],[997.5,1.67767558],[997.5,0.025]],"asks":[[998.08,61.14808223],[998.08,0.92],[998.08,9.99],[998.11,4.16931626],[999,0.15247851]],"time":1516665910898},"level":"info","message":"","timestamp":"2018-01-23T00:05:10.071Z"}
{"0":{"bids":[[996.4,10],[996.29,7.2148],[995.98,11.10735066],[995.95,23.727],[995.94,10]],"asks":[[1000.23,11.04399],[1000.24,14.09896449],[1000.25,478.6836864],[1000.38,8.8],[1000.47,4]]},"1":{"bids":[[998.07,20],[997.71,0.0116],[997.71,4.13454807],[997.62,2.65],[997.55,10]],"asks":[[998.08,61.0704756],[998.08,9.99],[998.08,0.92],[998.11,4.16931626],[998.21,0.66]],"time":1516665916114},"level":"info","message":"","timestamp":"2018-01-23T00:05:15.292Z"}
{"0":{"bids":[[996.05,11.10735066],[995.77,9.3277],[994.37,5.028],[994.02,3.17859],[993.09,9]],"asks":[[1000.21,0.09183233],[1000.22,0.27549699],[1000.23,11.04399],[1000.24,14.09896449],[1000.25,478.6836864]]},"1":{"bids":[[998.07,20],[998.07,10],[998.07,3],[998.06,0.0977052],[997.71,0.0116]],"asks":[[998.08,45.5523756],[998.08,9.99],[998.08,0.98820091],[998.11,4.16931626],[998.16,0.66]],"time":1516665920305},"level":"info","message":"","timestamp":"2018-01-23T00:05:19.476Z"}
{"0":{"bids":[[995.77,9.3277],[994.02,3.17859],[993.99,5.026],[992.02,6.66],[992.01,3]],"asks":[[999.89,0.09183233],[999.9,4],[1000.21,0.09183233],[1000.22,10.117],[1000.23,11.04399]]},"1":{"bids":[[998.07,3],[998.07,0.15],[998.07,5.5228465],[998.06,0.0977052],[997.71,0.0116]],"asks":[[998.08,45.5523756],[998.08,9.99],[998.08,0.98820091],[998.08,0.92],[998.08,0.72]],"time":1516665924438},"level":"info","message":"","timestamp":"2018-01-23T00:05:23.609Z"}
{"0":{"bids":[[995.77,9.3277],[994.09,11.10735066],[994.02,3.17859],[993.99,5.026],[992.1,6.66]],"asks":[[999.88,0.09183233],[999.89,10.89149699],[999.9,4],[1000.2,3.54],[1000.21,16.683]]},"1":{"bids":[[998,0.25],[997.34,0.02005334],[997.05,1.2],[997.04,16.6860796],[997,1.14016205]],"asks":[[998.01,0.93],[998.06,5.9668],[998.08,0.98820091],[998.08,0.06847473],[998.08,10]],"time":1516665928622},"level":"info","message":"","timestamp":"2018-01-23T00:05:27.785Z"}
{"0":{"bids":[[995.74,9.8092],[994,3.25818],[993.99,5.026],[992.23,6.66],[992.01,3]],"asks":[[997.05,0.18366466],[997.06,10],[999.87,24.638],[999.88,3.72366466],[999.89,10.616]]},"1":{"bids":[[997.04,13.15613294],[997,1.14016205],[997,0.50053159],[997,2],[997,1.2]],"asks":[[998.03,0.92],[998.06,5.9668],[998.08,0.98820091],[998.08,0.06847473],[998.08,10]],"time":1516665932769},"level":"info","message":"","timestamp":"2018-01-23T00:05:31.934Z"}
{"0":{"bids":[[995.74,9.8092],[994,3.25818],[993.99,5.026],[992.41,11.10735066],[992.38,6.66]],"asks":[[997.04,0.09183233],[997.05,0.18366466],[997.06,10],[999.41,3],[999.84,12.54]]},"1":{"bids":[[997.04,13.15613294],[997,1.14016205],[997,0.50053159],[997,2],[997,1.2]],"asks":[[998.05,0.92],[998.06,5.9668],[998.07,1.2],[998.08,0.98820091],[998.08,0.06847473]],"time":1516665936971},"level":"info","message":"","timestamp":"2018-01-23T00:05:36.135Z"}
{"0":{"bids":[[995,8.8817],[994,3.25818],[993.99,5.026],[992.56,11.10735066],[992.53,6.66]],"asks":[[997.06,10],[998.55,8.8],[999.39,44.617],[999.4,15.638],[999.41,3]]},"1":{"bids":[[995,17.89752217],[995,4.274],[995,10],[995,0.52355778],[995,6.3]],"asks":[[996.22,9.99],[996.24,5],[996.24,0.02007548],[996.25,9.90038417],[996.41,0.0125]],"time":1516665941086},"level":"info","message":"","timestamp":"2018-01-23T00:05:40.244Z"}
{"0":{"bids":[[994.02,6.66],[994,3.25818],[993.91,7.1442],[992.75,5.037],[991.99,11.10735066]],"asks":[[997.05,0.09183233],[997.06,10],[998.52,20.711],[999.37,3.54],[999.38,15.638]]},"1":{"bids":[[996.24,3.0867],[995.15,0.02009747],[995,14.96041815],[995,4.274],[995,10]],"asks":[[996.25,5.80278092],[996.45,2],[996.57,0.0125],[996.77,6.57082141],[996.81,4.5411]],"time":1516665945296},"level":"info","message":"","timestamp":"2018-01-23T00:05:44.475Z"}
{"0":{"bids":[[993.93,6.7099],[992.75,5.037],[992,2.96215],[991.93,0.63686],[991.85,3.28678731]],"asks":[[994.02,2.18698112],[997.05,0.18366466],[997.06,10],[998.5,3.54],[998.51,15.36801]]},"1":{"bids":[[995.15,0.02009747],[995,14.96041815],[995,4.274],[995,10],[995,0.52355778]],"asks":[[996.23,0.76],[996.25,5.80278092],[996.57,0.0125],[996.81,4.5411],[996.98,1.2]],"time":1516665949441},"level":"info","message":"","timestamp":"2018-01-23T00:05:48.626Z"}
{"0":{"bids":[[993.94,9.4899],[992.75,5.037],[992,2.96215],[991.93,0.63686],[991.41,18.274999]],"asks":[[994.02,2.18698112],[997.04,15.638],[997.06,10],[998.34,4],[998.5,3.54]]},"1":{"bids":[[996,0.85492622],[995,13.04231471],[995,4.274],[995,10],[995,0.52355778]],"asks":[[996.22,0.75],[996.23,4.7376],[996.24,0.02007548],[996.24,6.57082141],[996.25,5.80278092]],"time":1516665953618},"level":"info","message":"","timestamp":"2018-01-23T00:05:52.777Z"}
{"0":{"bids":[[993.93,7.278],[992.75,5.037],[992.09,11.10735066],[992,2.96215],[991.93,0.63686]],"asks":[[997.04,0.09183233],[997.06,10],[997.64,7.23161918],[998.34,4],[998.5,3.54]]},"1":{"bids":[[996,0.85492622],[995,13.04231471],[995,4.274],[995,10],[995,0.52355778]],"asks":[[996.16,4.8973],[996.24,0.02007548],[996.25,5.80278092],[996.99,0.0125],[997.04,1]],"time":1516665957818},"level":"info","message":"","timestamp":"2018-01-23T00:05:56.977Z"}
{"0":{"bids":[[993.83,8.498],[992.75,5.037],[992,2.96215],[991.93,0.63686],[991.02,17.455605]],"asks":[[997.04,0.09183233],[997.05,0.18366466],[997.06,10],[997.6,3.54],[997.61,13.598]]},"1":{"bids":[[994.23,10],[994.21,0.151],[994,44.5059626],[994,0.0501506],[993.97,1.2]],"asks":[[995.15,0.02009747],[995.64,0.01],[996.08,8.83765943],[996.09,1.8],[996.09,3.6]],"time":1516665962003},"level":"info","message":"","timestamp":"2018-01-23T00:06:01.171Z"}
{"0":{"bids":[[993.39,9.0884],[992.75,5.037],[992.1,11.10735066],[992.07,2.96194],[991.93,0.63686]],"asks":[[997.04,3.54],[997.06,10],[997.59,12.189],[997.64,7.23161918],[998.16,8.8]]},"1":{"bids":[[994.43,3.6],[994.42,9.34],[994.23,10],[994.21,0.151],[994.2,0.16583033]],"asks":[[995.13,5],[995.15,0.02009747],[995.64,0.01],[995.68,0.011],[996.08,2.4]],"time":1516665966210},"level":"info","message":"","timestamp":"2018-01-23T00:06:05.381Z"}
{"0":{"bids":[[992.79,5.032],[992.77,8.1703],[992.07,2.96194],[991.93,0.63686],[990.68,11.10735066]],"asks":[[997.05,3.54],[997.06,10],[997.44,8.8],[997.59,12.189],[997.64,7.23161918]]},"1":{"bids":[[994.5,40],[994.43,1.2004536],[994.43,10],[994.38,20],[994.28,1.2]],"asks":[[995.13,5],[995.13,2],[995.15,0.02009747],[995.21,3.8005],[995.21,1.2]],"time":1516665970385},"level":"info","message":"","timestamp":"2018-01-23T00:06:09.567Z"}
{"0":{"bids":[[992.77,8.1703],[992.75,5.031],[992.07,2.96194],[991.93,0.63686],[990.68,11.10735066]],"asks":[[997.05,3.54],[997.06,10],[997.43,8.8],[997.59,12.189],[997.64,7.23161918]]},"1":{"bids":[[994.72,9.16],[994.71,10],[994.5,40],[994.47,1.2],[994.43,1.2004536]],"asks":[[995.13,4.75],[995.13,2],[995.13,2],[995.15,0.02009747],[995.22,0.1781924]],"time":1516665974608},"level":"info","message":"","timestamp":"2018-01-23T00:06:13.786Z"}
{"0":{"bids":[[992.79,5.028],[992.77,8.1703],[992.07,2.96194],[991.93,0.63686],[991.07,11.10735066]],"asks":[[997.05,3.54],[997.06,10],[997.43,8.8],[997.64,7.23161918],[998.33,0.67501]]},"1":{"bids":[[995.12,0.12],[994.72,0.2314633],[994.71,10],[994.7,1],[994.5,40]],"asks":[[995.13,4.5],[995.13,2],[995.13,2],[995.15,0.02009747],[995.21,3.9473]],"time":1516665978792},"level":"info","message":"","timestamp":"2018-01-23T00:06:17.950Z"}
{"0":{"bids":[[993.65,11.10735066],[993.62,10],[993.21,5.029],[992.77,8.1703],[992.08,8.381]],"asks":[[997.63,3.54],[997.64,7.23161918],[998.33,0.67501],[999.24,6.66],[999.26,8.8]]},"1":{"bids":[[997.02,10],[996.24,0.02007548],[995.29,1.8],[995.29,3.6],[995.15,0.02009747]],"asks":[[997.82,0.1],[997.85,62.08386101],[998,5.5],[998,10],[998.14,0.1]],"time":1516665983014},"level":"info","message":"","timestamp":"2018-01-23T00:06:22.174Z"}
{"0":{"bids":[[993.73,11.10735066],[993.67,5.033],[993.65,6.7504],[993.62,10],[992.08,8.381]],"asks":[[998.3,3.54],[998.31,0.17225294],[998.33,0.67501],[999.18,6.66],[999.2,10.507]]},"1":{"bids":[[997.78,9.32],[997.33,0.025],[997.03,0.05],[997.02,10],[996.24,0.02007548]],"asks":[[997.98,10],[997.99,0.0125],[998,5.5],[998,10],[998.14,0.1]],"time":1516665987190},"level":"info","message":"","timestamp":"2018-01-23T00:06:26.346Z"}
{"0":{"bids":[[993.81,11.10735066],[993.78,5.027],[993.76,6.014],[993.66,2.95721],[993.62,10]],"asks":[[997.87,3.54],[998.31,0.08612647],[999.15,6.66],[999.17,10.626],[999.66,0.67501]]},"1":{"bids":[[997.08,1.2],[997.08,9.33],[997.07,15.16234057],[997.05,0.05],[997.03,0.05]],"asks":[[997.98,10],[998,5.5],[998.34,1.2],[998.39,2.07014103],[998.44,0.02003125]],"time":1516665991331},"level":"info","message":"","timestamp":"2018-01-23T00:06:30.491Z"}
{"0":{"bids":[[993.88,5.024],[993.81,9.7153],[993.66,2.95721],[993.62,10],[992.08,8.381]],"asks":[[998.3,3.62612647],[999.09,6.66],[999.17,10.626],[999.67,61.53639156],[1000.22,9]]},"1":{"bids":[[998.11,10],[998.01,0.025],[997.64,15.16234057],[997.61,0.05],[997.59,10]],"asks":[[998.12,0.0125],[999.52,0.28],[999.54,0.66760014],[999.76,0.01244907],[999.82,2.79686157]],"time":1516665995537},"level":"info","message":"","timestamp":"2018-01-23T00:06:34.693Z"}
{"0":{"bids":[[993.98,11.10735066],[993.96,47.928],[993.95,5.026],[993.92,47.3],[993.91,8.4639]],"asks":[[998.26,3.54],[998.27,0.08612647],[998.29,0.08612647],[998.3,0.08612647],[999.65,6.66]]},"1":{"bids":[[998.14,0.05],[998.11,10],[998,0.23099944],[997.65,2.4],[997.64,0.1]],"asks":[[999.48,1.19],[999.49,71.406],[999.5,4.17019557],[999.51,72.183],[999.52,0.28]],"time":1516665999707},"level":"info","message":"","timestamp":"2018-01-23T00:06:38.872Z"}
{"0":{"bids":[[997.9,9.9258],[995.48,10],[994.54,5.024],[994.4,34.175],[993.69,11.10735066]],"asks":[[999.66,0.03455373],[999.67,53.5121199],[1000.23,13.644],[1000.24,14.09896449],[1000.25,478.6836864]]},"1":{"bids":[[999.37,10],[999.24,0.05],[998.12,15.16234057],[998.11,10],[998.08,2.4]],"asks":[[999.4,4.4041],[999.42,0.15086913],[999.48,0.01],[999.52,0.28],[999.54,0.66760014]],"time":1516666004945},"level":"info","message":"","timestamp":"2018-01-23T00:06:44.106Z"}
{"0":{"bids":[[997.11,6.3975],[995.48,10],[994.87,3.55],[994.86,5.024],[994.62,28.359]],"asks":[[997.85,0.09385761],[999.66,0.17276865],[999.67,53.5121199],[1000.24,14.77397449],[1000.25,478.6836864]]},"1":{"bids":[[999.38,10],[999.38,6.31],[999.38,1.1082],[999.37,4.75865645],[999.23,0.05]],"asks":[[999.39,0.15086913],[999.4,4.4041],[999.48,0.01],[999.52,0.28],[999.54,0.66760014]],"time":1516666009113},"level":"info","message":"","timestamp":"2018-01-23T00:06:48.277Z"}
{"0":{"bids":[[997.08,6.723],[995.49,3.55],[995.48,10],[994.94,11.10735066],[994.86,5.024]],"asks":[[997.85,0.09385761],[999.66,0.13821492],[999.67,53.5121199],[1000.23,15.638],[1000.24,14.77397449]]},"1":{"bids":[[999.38,1.1082],[999.37,4.75865645],[999.23,0.05],[999,2],[998.12,15.16234057]],"asks":[[999.39,0.15086913],[999.39,0.13],[999.39,10],[999.39,5.2775],[999.39,0.4]],"time":1516666013279},"level":"info","message":"","timestamp":"2018-01-23T00:06:52.437Z"}
{"0":{"bids":[[997.08,6.723],[995.49,15.268],[995.48,10],[995.09,11.10735066],[995.06,3.55]],"asks":[[997.85,0.09385761],[999.67,53.5121199],[1000.23,15.638],[1000.24,14.77397449],[1000.25,478.6836864]]},"1":{"bids":[[999.38,0.87781695],[999.38,0.23068047],[999.37,4.75865645],[999.23,0.05],[999,2]],"asks":[[999.39,0.15086913],[999.39,0.13],[999.39,5.2775],[999.39,0.4],[999.39,25]],"time":1516666017438},"level":"info","message":"","timestamp":"2018-01-23T00:06:56.606Z"}
{"0":{"bids":[[997.08,6.723],[995.52,3.55],[995.51,15.245],[995.48,10],[994.97,5.022]],"asks":[[997.85,0.09385761],[999.66,0.13821492],[999.67,53.5121199],[1000.23,15.638],[1000.24,14.77397449]]},"1":{"bids":[[999.38,0.87781695],[999.38,0.23068047],[999.37,4.75865645],[999.37,0.18444868],[999.23,0.05]],"asks":[[999.39,0.15086913],[999.39,0.13],[999.39,5.2775],[999.39,0.4],[999.39,25]],"time":1516666021610},"level":"info","message":"","timestamp":"2018-01-23T00:07:00.774Z"}
{"0":{"bids":[[997.09,3.54],[997.08,6.723],[995.55,22.06],[995.48,10],[994.97,5.022]],"asks":[[999.67,52.46669243],[1000.23,16.31301],[1000.24,14.09896449],[1000.25,478.6836864],[1000.47,4]]},"1":{"bids":[[999.38,0.87781695],[999.38,0.23068047],[999.38,0.11],[999.38,1.4],[999.38,6.68681018]],"asks":[[999.39,24.96666913],[999.39,0.01],[999.39,3.52170552],[999.39,2.7225],[999.39,0.01]],"time":1516666026787},"level":"info","message":"","timestamp":"2018-01-23T00:07:05.971Z"}
{"0":{"bids":[[997.22,3.54],[997.08,6.723],[995.55,22.06],[995.48,10],[994.97,5.022]],"asks":[[999.67,52.46669243],[1000.23,0.67501],[1000.24,14.09896449],[1000.25,478.6836864],[1000.47,4]]},"1":{"bids":[[999.38,0.87781695],[999.38,0.23068047],[999.38,0.11],[999.38,1.4],[999.38,6.68681018]],"asks":[[999.39,24.91666913],[999.39,0.01],[999.39,3.52170552],[999.39,0.01],[999.39,8.85]],"time":1516666030922},"level":"info","message":"","timestamp":"2018-01-23T00:07:10.085Z"}
{"0":{"bids":[[997.18,10],[997.09,3.54],[997.08,6.723],[995.55,22.06],[995.48,10]],"asks":[[999.67,52.46669243],[1000.23,0.67501],[1000.24,14.09896449],[1000.25,478.6836864],[1000.47,4]]},"1":{"bids":[[999.38,0.83337508],[999.38,0.23068047],[999.38,0.11],[999.38,1.4],[999.38,6.68681018]],"asks":[[999.39,14.94049394],[999.39,0.01],[999.39,3.52170552],[999.39,0.01],[999.39,8.85]],"time":1516666035107},"level":"info","message":"","timestamp":"2018-01-23T00:07:14.267Z"}
{"0":{"bids":[[997.08,6.723],[995.48,10],[995.02,11.10735066],[995,3.55],[994.99,24.344]],"asks":[[999.65,10],[999.67,52.46669243],[1000.23,0.67501],[1000.24,14.09896449],[1000.25,478.6836864]]},"1":{"bids":[[997.91,0.26],[997.9,20],[997.36,0.05],[997.35,1.2],[997.34,0.02005334]],"asks":[[999.2,0.83],[999.21,0.35],[999.23,10],[999.39,14.94049394],[999.39,0.01]],"time":1516666039235},"level":"info","message":"","timestamp":"2018-01-23T00:07:18.393Z"}
{"0":{"bids":[[997.01,3.54],[997,9.8417],[995.65,5.017],[995.51,9.831],[995.49,7.505]],"asks":[[999.58,10],[999.61,10],[999.67,52.46669243],[1000.23,0.67501],[1000.24,14.09896449]]},"1":{"bids":[[998.05,1],[998.05,0.05],[998.02,0.24],[997.72,6.56127735],[997.7,20]],"asks":[[999.23,0.83],[999.24,10],[999.37,0.4],[999.37,5.4866],[999.39,14.94049394]],"time":1516666043401},"level":"info","message":"","timestamp":"2018-01-23T00:07:22.571Z"}
{"0":{"bids":[[996.93,10.3851],[995.65,5.017],[995.48,10],[993.88,11.10735066],[993.86,3.08315]],"asks":[[999.57,0.01393184],[999.58,10],[999.67,52.46669243],[1000.23,0.67501],[1000.24,14.09896449]]},"1":{"bids":[[997.54,0.05],[997.54,5.85017427],[997.53,20],[997.44,1.2],[997.34,0.02005334]],"asks":[[999.21,0.83],[999.22,0.02],[999.23,5.13477685],[999.23,15.14315289],[999.24,10]],"time":1516666047581},"level":"info","message":"","timestamp":"2018-01-23T00:07:26.752Z"}
{"0":{"bids":[[996.93,3.54],[996.92,6.072],[995.48,10],[995.4,5.02],[993.88,11.10735066]],"asks":[[999.57,0.01393184],[999.58,10],[999.67,52.46669243],[1000.23,0.67501],[1000.24,14.09896449]]},"1":{"bids":[[997.55,0.05],[997.54,5.85061355],[997.53,20],[997.47,1.2],[997.34,0.02005334]],"asks":[[999.21,0.83],[999.22,6.1796],[999.23,0.01],[999.23,0.1407],[999.23,0.01]],"time":1516666051754},"level":"info","message":"","timestamp":"2018-01-23T00:07:30.920Z"}
{"0":{"bids":[[996.93,3.54],[996.92,6.072],[995.48,10],[995.4,5.02],[993.88,11.10735066]],"asks":[[999.58,10],[999.67,52.46669243],[1000.23,0.67501],[1000.24,14.09896449],[1000.25,478.6836864]]},"1":{"bids":[[997.55,0.05],[997.54,5.85061355],[997.53,20],[997.34,0.02005334],[996.58,0.012]],"asks":[[999.21,0.83],[999.21,0.99419134],[999.22,6.1796],[999.22,0.015],[999.22,0.0105]],"time":1516666055979},"level":"info","message":"","timestamp":"2018-01-23T00:07:35.152Z"}
{"0":{"bids":[[996.93,3.54],[996.92,6.072],[995.82,5.021],[995.48,10],[993.88,11.10735066]],"asks":[[999.58,10],[999.67,52.46669243],[1000.23,0.67501],[1000.24,14.09896449],[1000.25,478.6836864]]},"1":{"bids":[[998.4,0.05],[998.39,5],[997.34,0.02005334],[996.97,0.5],[996.97,0.1]],"asks":[[999.21,0.83],[999.21,0.99419134],[999.22,6.1796],[999.22,0.015],[999.22,0.0105]],"time":1516666060172},"level":"info","message":"","timestamp":"2018-01-23T00:07:39.332Z"}
{"0":{"bids":[[996.93,3.54],[996.92,6.072],[995.82,5.021],[995.48,10],[993.92,11.10735066]],"asks":[[999.58,10],[999.67,52.46669243],[1000.23,0.67501],[1000.24,14.09896449],[1000.25,478.6836864]]},"1":{"bids":[[998.4,0.05],[998.39,5],[997.34,0.02005334],[996.58,0.012],[996.48,0.74259046]],"asks":[[999.21,0.83],[999.21,0.99419134],[999.21,5.1211],[999.22,0.015],[999.22,0.0105]],"time":1516666064407},"level":"info","message":"","timestamp":"2018-01-23T00:07:43.561Z"}
{"0":{"bids":[[996.93,3.54],[996.92,6.072],[995.82,5.021],[995.48,10],[993.92,11.10735066]],"asks":[[999.58,10],[999.67,52.46669243],[1000.23,0.67501],[1000.24,14.09896449],[1000.25,478.6836864]]},"1":{"bids":[[998.39,0.04715049],[997.34,0.02005334],[997,0.1],[996.58,0.012],[996.48,0.74259046]],"asks":[[999.21,0.83],[999.21,0.99419134],[999.21,5.1211],[999.21,0.10180127],[999.22,0.015]],"time":1516666068571},"level":"info","message":"","timestamp":"2018-01-23T00:07:47.734Z"}
{"0":{"bids":[[996.93,3.54],[996.92,6.072],[995.82,5.021],[995.48,10],[993.92,11.10735066]],"asks":[[999.67,52.46669243],[1000.23,0.67501],[1000.24,14.09896449],[1000.25,478.6836864],[1000.47,4]]},"1":{"bids":[[998.4,10],[998.39,0.01601006],[997.34,0.02005334],[997.03,20],[997.01,2.4]],"asks":[[999.18,0.01],[999.19,1.02],[999.19,0.05],[999.2,9.16595227],[999.25,0.1376]],"time":1516666072686},"level":"info","message":"","timestamp":"2018-01-23T00:07:51.904Z"}
{"0":{"bids":[[996.93,3.54],[996.92,6.072],[995.82,5.021],[995.48,10],[993.92,11.10735066]],"asks":[[999.65,10],[999.67,52.46669243],[1000.23,0.67501],[1000.24,14.09896449],[1000.25,478.6836864]]},"1":{"bids":[[998.41,0.05],[998.4,10],[998.39,0.01601006],[998.23,0.65],[997.7,20]],"asks":[[999.25,8.45707887],[999.25,0.66760014],[999.32,2.7803],[999.36,0.01],[999.38,3.52170552]],"time":1516666076919},"level":"info","message":"","timestamp":"2018-01-23T00:07:56.082Z"}
{"0":{"bids":[[996.93,3.54],[996.92,6.072],[995.82,5.021],[995.48,10],[993.96,11.10735066]],"asks":[[999.64,10],[999.67,52.46669243],[1000.23,0.67501],[1000.24,14.09896449],[1000.25,478.6836864]]},"1":{"bids":[[999.24,0.15],[999.24,0.9525],[999.13,0.05],[998.4,10],[998.39,0.01601006]],"asks":[[999.25,8.35730315],[999.25,0.66760014],[999.25,0.83],[999.32,2.7803],[999.36,0.01]],"time":1516666081046},"level":"info","message":"","timestamp":"2018-01-23T00:08:00.204Z"}
{"0":{"bids":[[996.93,3.54],[996.92,6.072],[995.82,5.021],[995.48,10],[993.96,11.10735066]],"asks":[[999.67,52.46669243],[1000.23,0.67501],[1000.24,14.09896449],[1000.25,478.6836864],[1000.47,4]]},"1":{"bids":[[999.24,0.15],[999.24,0.9525],[999.12,0.05],[998.4,10],[998.39,0.01601006]],"asks":[[999.25,0.15834311],[999.25,0.83],[999.31,2.7803],[999.36,0.01],[999.38,3.52170552]],"time":1516666085187},"level":"info","message":"","timestamp":"2018-01-23T00:08:04.346Z"}
{"0":{"bids":[[996.93,3.54],[996.92,6.072],[995.82,5.021],[995.48,10],[993.96,11.10735066]],"asks":[[999.63,10],[999.67,52.46669243],[1000.23,0.67501],[1000.24,14.09896449],[1000.25,478.6836864]]},"1":{"bids":[[999.24,0.15],[999.24,0.9525],[999.12,0.05],[998.4,10],[998.39,0.01601006]],"asks":[[999.25,0.15834311],[999.25,0.83],[999.32,2.7803],[999.36,0.01],[999.38,3.52170552]],"time":1516666089361},"level":"info","message":"","timestamp":"2018-01-23T00:08:08.519Z"}
{"0":{"bids":[[996.93,3.54],[996.92,6.072],[995.82,5.021],[995.48,10],[994.01,11.10735066]],"asks":[[999.63,10],[999.67,52.46669243],[1000.23,0.67501],[1000.24,14.09896449],[1000.25,478.6836864]]},"1":{"bids":[[999,8.3499],[998.97,0.05],[998.68,0.68560217],[998.4,10],[998.39,0.01601006]],"asks":[[999.24,0.7],[999.25,1.60478542],[999.26,5],[999.33,0.5],[999.36,0.01]],"time":1516666093504},"level":"info","message":"","timestamp":"2018-01-23T00:08:12.672Z"}
{"0":{"bids":[[996.93,3.54],[996.92,6.072],[995.82,5.021],[995.48,10],[994.6,0.134]],"asks":[[999.63,10],[999.67,52.46669243],[1000.23,0.67501],[1000.24,14.09896449],[1000.25,478.6836864]]},"1":{"bids":[[999,8.3499],[998.97,0.05],[998.68,0.68560217],[998.4,10],[998.39,0.01601006]],"asks":[[999.24,0.7],[999.26,5],[999.33,0.5],[999.36,0.01],[999.36,1.6048]],"time":1516666097689},"level":"info","message":"","timestamp":"2018-01-23T00:08:16.858Z"}
{"0":{"bids":[[996.93,3.54],[996.92,6.072],[995.82,5.021],[995.48,10],[994.6,0.134]],"asks":[[999.63,10],[999.67,52.46669243],[1000.23,0.67501],[1000.24,14.09896449],[1000.25,478.6836864]]},"1":{"bids":[[999,8.3499],[998.97,0.05],[998.68,0.68560217],[998.4,10],[998.39,0.01601006]],"asks":[[999.24,0.69002233],[999.24,0.2966],[999.26,5],[999.33,0.5],[999.36,0.01]],"time":1516666101845},"level":"info","message":"","timestamp":"2018-01-23T00:08:21.011Z"}
{"0":{"bids":[[996.93,3.54],[996.92,6.072],[995.82,5.021],[995.48,10],[994.6,0.134]],"asks":[[999.67,52.46669243],[1000.23,0.67501],[1000.24,14.09896449],[1000.25,478.6836864],[1000.47,4]]},"1":{"bids":[[999.11,0.64],[999.1,1.97411182],[999.02,0.05],[999,8.3499],[999,0.05]],"asks":[[999.24,0.2966],[999.25,0.2],[999.26,5],[999.33,0.5],[999.36,0.01]],"time":1516666106008},"level":"info","message":"","timestamp":"2018-01-23T00:08:25.168Z"}
{"0":{"bids":[[996.94,3.2900676],[996.93,3.54],[996.92,6.072],[995.82,5.021],[995.5,59.891]],"asks":[[999.67,44.46669243],[1000.23,0.67501],[1000.24,14.09896449],[1000.25,478.6836864],[1000.47,4]]},"1":{"bids":[[999.38,2.76973949],[999.38,0.6654],[999.38,4.14830613],[999.38,0.64],[999.38,5.64381175]],"asks":[[999.39,12.79259636],[999.39,0.01],[999.39,0.13],[999.39,1.56129173],[999.39,0.0133]],"time":1516666110224},"level":"info","message":"","timestamp":"2018-01-23T00:08:29.378Z"}
{"0":{"bids":[[997.55,10],[997.08,8.111],[997.02,5.014],[995.51,3.55],[995.48,10]],"asks":[[999.67,44.46669243],[1000.23,0.67501],[1000.24,14.09896449],[1000.25,478.6836864],[1000.5,200.8]]},"1":{"bids":[[999.38,2.76973949],[999.38,0.6654],[999.38,4.14830613],[999.38,0.64],[999.38,5.64381175]],"asks":[[999.39,10.45619636],[999.39,0.01],[999.39,0.13],[999.39,1.56129173],[999.39,0.0133]],"time":1516666114367},"level":"info","message":"","timestamp":"2018-01-23T00:08:33.528Z"}
{"0":{"bids":[[997.09,3.54],[997.08,8.111],[997.02,5.014],[995.48,10],[994.61,0.1189973]],"asks":[[999.67,44.46669243],[1000.23,0.67501],[1000.24,14.09896449],[1000.25,478.6836864],[1000.5,200.8]]},"1":{"bids":[[999.98,6.91804562],[999.98,0.68],[999.83,0.05],[999.6,20],[999.38,5.64381175]],"asks":[[999.99,23.497],[999.99,5.2874],[999.99,3.33694751],[999.99,0.71],[1000,7.28560884]],"time":1516666118518},"level":"info","message":"","timestamp":"2018-01-23T00:08:37.683Z"}
{"0":{"bids":[[997.1,5.009],[997.09,3.54],[997.08,8.111],[995.48,10],[994.61,0.1189973]],"asks":[[999.67,44.46669243],[1000.24,14.77397449],[1000.25,478.6836864],[1000.5,200.8],[1000.75,200]]},"1":{"bids":[[999.98,6.91804562],[999.98,0.68],[999.83,0.05],[999.38,5.64381175],[999.38,10]],"asks":[[999.99,23.497],[999.99,5.2874],[1000,7.28560884],[1000,20],[1000,5]],"time":1516666122662},"level":"info","message":"","timestamp":"2018-01-23T00:08:41.823Z"}
{"0":{"bids":[[998.06,10],[997.11,6.7488],[997.1,14.1844],[995.51,3.55],[995.5,58.486]],"asks":[[999.67,44.46669243],[1000.24,14.77397449],[1000.25,478.6836864],[1000.5,200.8],[1000.75,200]]},"1":{"bids":[[999.99,7.7945],[999.99,1.7403],[999.99,0.72],[999.99,6.91804562],[999.99,18.058]],"asks":[[1000,7.28560884],[1000,20],[1000,5],[1000,0.025],[1000,0.2525628]],"time":1516666126764},"level":"info","message":"","timestamp":"2018-01-23T00:08:45.957Z"}
{"0":{"bids":[[997.85,4.985],[997.83,9.517],[997.13,10.407],[995.48,10],[994.73,11.10735066]],"asks":[[999.67,39.17929243],[1000.24,14.77397449],[1000.25,478.6836864],[1000.5,200.8],[1000.75,200]]},"1":{"bids":[[999.99,7.78102784],[999.99,1.7403],[999.99,0.72],[999.99,10],[999.99,6.9181]],"asks":[[1000,1.99820884],[1000,20],[1000,5],[1000,0.025],[1000,0.2525628]],"time":1516666130894},"level":"info","message":"","timestamp":"2018-01-23T00:08:50.111Z"}
{"0":{"bids":[[997.69,9.2456],[997.36,5.01],[995.49,0.1188572],[995.48,10],[994.81,11.10735066]],"asks":[[999.67,39.17929243],[1000.24,14.77397449],[1000.25,478.6836864],[1000.5,200.8],[1000.75,200]]},"1":{"bids":[[999.99,7.78102784],[999.99,1.7403],[999.99,0.72],[999.99,10],[999.99,6.9181]],"asks":[[1000,9.75980884],[1000,5],[1000,0.025],[1000,0.2525628],[1000,0.25]],"time":1516666135097},"level":"info","message":"","timestamp":"2018-01-23T00:08:54.283Z"}
{"0":{"bids":[[997.69,9.2456],[997.36,5.01],[995.6,6.66],[995.58,3.55],[995.49,45.2128572]],"asks":[[999.67,39.17929243],[1000.24,14.77397449],[1000.25,478.6836864],[1000.5,200.8],[1000.75,200]]},"1":{"bids":[[999.99,1.7403],[999.99,0.72],[999.99,10],[999.99,1.97235485],[999.99,14.69912784]],"asks":[[1000,9.75980884],[1000,5],[1000,0.025],[1000,0.2525628],[1000,0.25]],"time":1516666139302},"level":"info","message":"","timestamp":"2018-01-23T00:08:58.481Z"}
{"0":{"bids":[[997.73,5.008],[997.69,9.2456],[995.52,6.66],[995.5,3.55],[995.49,45.094]],"asks":[[999.67,39.17929243],[1000.24,14.77397449],[1000.25,478.6836864],[1000.5,200.8],[1000.75,200]]},"1":{"bids":[[999.99,1.7403],[999.99,0.72],[999.99,10],[999.99,1.97235485],[999.99,14.69912784]],"asks":[[1000,9.75980884],[1000,5],[1000,0.025],[1000,0.2525628],[1000,0.25]],"time":1516666143462},"level":"info","message":"","timestamp":"2018-01-23T00:09:02.678Z"}
{"0":{"bids":[[997.71,5.007],[997.69,9.2456],[995.55,3.55],[995.48,10],[994.63,11.10735066]],"asks":[[999.67,39.17929243],[1000.24,14.77397449],[1000.25,478.6836864],[1000.5,200.8],[1000.75,200]]},"1":{"bids":[[999.99,1.49012807],[999.99,0.72],[999.99,1.97235485],[999.99,14.69912784],[999.99,7]],"asks":[[1000,7.7657909],[1000,5],[1000,0.025],[1000,0.2525628],[1000,0.25]],"time":1516666147678},"level":"info","message":"","timestamp":"2018-01-23T00:09:06.873Z"}
{"0":{"bids":[[997.71,5.007],[997.69,9.2456],[995.49,3.55],[995.48,10],[994.6,0.134]],"asks":[[1000.06,10],[1000.24,14.77397449],[1000.25,478.6836864],[1000.5,200.8],[1000.75,200]]},"1":{"bids":[[999.99,1.49012807],[999.99,0.72],[999.99,1.97235485],[999.99,14.69912784],[999.99,7]],"asks":[[1000,7.7483931],[1000,5],[1000,0.025],[1000,0.2525628],[1000,0.25]],"time":1516666151921},"level":"info","message":"","timestamp":"2018-01-23T00:09:11.090Z"}
{"0":{"bids":[[997.97,5.005],[997.95,16.9821],[995.71,11.10735066],[995.66,18.656],[995.48,10]],"asks":[[1000.24,10.26257449],[1000.25,478.6836864],[1000.5,200.8],[1000.75,200],[1001,200]]},"1":{"bids":[[1000.99,0.55],[1000.99,14.69912784],[1000.99,0.16],[1000.99,2],[999.99,1.97235485]],"asks":[[1001,20.87408078],[1001,0.04],[1001,10],[1001,2],[1001,0.5]],"time":1516666156118},"level":"info","message":"","timestamp":"2018-01-23T00:09:15.277Z"}
{"0":{"bids":[[998.01,8.9445],[997.76,5.012],[996.03,0.1],[995.79,11.10735066],[995.76,3.55]],"asks":[[1000.24,10.26257449],[1000.25,478.6836864],[1000.5,200.8],[1000.75,200],[1001,200]]},"1":{"bids":[[1000.99,0.55],[1000.99,14.69912784],[1000.99,0.16],[1000.99,2],[999.99,1.97235485]],"asks":[[1001,15.99361728],[1001,0.04],[1001,10],[1001,2],[1001,0.5]],"time":1516666160253},"level":"info","message":"","timestamp":"2018-01-23T00:09:19.419Z"}
{"0":{"bids":[[998.22,10],[998.09,5.006],[998.01,8.9445],[996.03,0.1],[995.75,11.10735066]],"asks":[[1000.24,10.26257449],[1000.25,478.6836864],[1000.5,200.8],[1000.75,200],[1001,200]]},"1":{"bids":[[1000.99,0.55],[1000.99,14.69912784],[1000.99,0.16],[1000.99,2],[1000.99,10]],"asks":[[1001,15.99361728],[1001,0.04],[1001,10],[1001,3.9241],[1001,0.16]],"time":1516666164449},"level":"info","message":"","timestamp":"2018-01-23T00:09:23.612Z"}
{"0":{"bids":[[998.11,10],[998.09,5.006],[998.07,7.6877],[996.03,0.1],[995.81,58.85]],"asks":[[1000.24,10.26257449],[1000.25,478.6836864],[1000.5,200.8],[1000.75,200],[1001,200]]},"1":{"bids":[[1000.99,0.55],[1000.99,14.69912784],[1000.99,0.16],[1000.99,2],[1000.99,10]],"asks":[[1001,15.99361728],[1001,10],[1001,0.16],[1001,5.4434],[1001.02,10]],"time":1516666168512},"level":"info","message":"","timestamp":"2018-01-23T00:09:27.762Z"}
{"0":{"bids":[[998.19,10],[998.13,5.004],[998.11,7.9169],[996.03,0.1],[995.48,10]],"asks":[[999.67,39.17929243],[1000.24,10.26257449],[1000.25,478.6836864],[1000.5,200.8],[1000.75,200]]},"1":{"bids":[[1000.99,0.55],[1000.99,14.69912784],[1000.99,0.16],[1000.99,2],[1000.99,10]],"asks":[[1001,15.99361728],[1001,0.16],[1001,5.4434],[1001,9.99],[1001.02,10]],"time":1516666172778},"level":"info","message":"","timestamp":"2018-01-23T00:09:31.945Z"}
{"0":{"bids":[[998.19,5.005],[998.17,7.0919],[996.03,0.1],[995.5,76.687],[995.49,72.028]],"asks":[[999.67,39.17929243],[1000.24,10.26257449],[1000.25,478.6836864],[1000.5,200.8],[1000.75,200]]},"1":{"bids":[[1000.99,0.55],[1000.99,14.69912784],[1000.99,0.16],[1000.99,2],[1000.99,10]],"asks":[[1001,1.23557363],[1001,0.16],[1001,5.4434],[1001,9.99],[1001.02,10]],"time":1516666176952},"level":"info","message":"","timestamp":"2018-01-23T00:09:36.122Z"}
{"0":{"bids":[[998.19,18.8674],[998.1,5.006],[996.03,0.1],[995.52,6.66],[995.5,76.845]],"asks":[[999.67,33.73589243],[1000.23,0.67501],[1000.24,9.58756449],[1000.25,478.6836864],[1000.5,200.8]]},"1":{"bids":[[1001.01,4.55690732],[1001.01,0.35],[1001.01,14.69912784],[1001.01,2.5],[1001,2.17102637]],"asks":[[1001.02,10],[1001.02,4.9229],[1001.22,0.1],[1001.46,2],[1001.48,8.64]],"time":1516666182174},"level":"info","message":"","timestamp":"2018-01-23T00:09:41.334Z"}
{"0":{"bids":[[998.21,11.2739],[996.03,0.1],[995.58,6.66],[995.57,71.717],[995.56,75.966]],"asks":[[999.67,33.73589243],[1000.23,0.67501],[1000.24,9.58756449],[1000.25,478.6836864],[1000.5,200.8]]},"1":{"bids":[[1001.01,3.08739324],[1001.01,0.35],[1001.01,14.69912784],[1001.01,2.5],[1001,2.17102637]],"asks":[[1001.02,10],[1001.02,4.9229],[1001.22,0.1],[1001.46,2],[1001.48,8.64]],"time":1516666186374},"level":"info","message":"","timestamp":"2018-01-23T00:09:45.556Z"}
{"0":{"bids":[[998.21,11.2739],[996.03,0.1],[995.65,77.622],[995.64,6.66],[995.63,3.55]],"asks":[[999.67,29.18748459],[1000.23,0.67501],[1000.24,9.58756449],[1000.25,478.6836864],[1000.5,200.8]]},"1":{"bids":[[1001.01,3.08739324],[1001.01,0.35],[1001.01,14.69912784],[1001.01,2.17102637],[1001.01,0.09]],"asks":[[1001.02,0.36201234],[1001.02,4.9229],[1001.22,0.1],[1001.46,2],[1001.48,8.64]],"time":1516666191542},"level":"info","message":"","timestamp":"2018-01-23T00:09:50.795Z"}
{"0":{"bids":[[998.27,5.006],[998.23,7.9467],[996.03,0.1],[995.71,74.747],[995.7,6.66]],"asks":[[999.67,29.18748459],[1000.24,10.26257449],[1000.25,478.6836864],[1000.5,200.8],[1000.75,200]]},"1":{"bids":[[1001.01,3.08739324],[1001.01,0.35],[1001.01,14.69912784],[1001.01,2.17102637],[1001.01,0.09]],"asks":[[1001.02,0.36201234],[1001.03,6.113],[1001.22,0.1],[1001.46,2],[1001.48,8.64]],"time":1516666195770},"level":"info","message":"","timestamp":"2018-01-23T00:09:54.940Z"}
{"0":{"bids":[[998.23,7.9467],[997.76,5.011],[996.03,0.1],[995.73,6.66],[995.72,3.55]],"asks":[[999.67,29.18748459],[1000.24,10.26257449],[1000.25,478.6836864],[1000.5,200.8],[1000.75,200]]},"1":{"bids":[[1001.01,3.08739324],[1001.01,0.35],[1001.01,14.69912784],[1001.01,2.17102637],[1001.01,0.09]],"asks":[[1001.02,0.86401581],[1001.02,0.13],[1001.03,6.113],[1001.22,0.1],[1001.46,2]],"time":1516666200067},"level":"info","message":"","timestamp":"2018-01-23T00:09:59.228Z"}
{"0":{"bids":[[998.23,7.9467],[997.76,5.011],[995.74,6.66],[995.72,3.55],[995.48,10]],"asks":[[999.67,29.18748459],[1000.24,10.26257449],[1000.25,478.6836864],[1000.5,200.8],[1000.75,200]]},"1":{"bids":[[1001.01,2.41749324],[1001.01,0.35],[1001.01,14.69912784],[1001.01,2.17102637],[1001.01,0.09]],"asks":[[1001.02,0.86401581],[1001.02,0.13],[1001.02,1],[1001.03,6.113],[1001.22,0.1]],"time":1516666204198},"level":"info","message":"","timestamp":"2018-01-23T00:10:03.381Z"}
{"0":{"bids":[[998.23,5.5051],[997.76,5.011],[995.8,6.66],[995.79,3.55],[995.78,69.307]],"asks":[[999.67,23.07448459],[1000.24,10.26257449],[1000.25,478.6836864],[1000.5,200.8],[1000.75,200]]},"1":{"bids":[[1001.47,14.69912784],[1001.47,2.17102637],[1001.47,2.17],[1001.32,0.05],[1001.01,0.35]],"asks":[[1001.48,8.64],[1001.48,4.8484],[1001.53,0.014],[1001.6,0.47070966],[1001.74,0.01996526]],"time":1516666208453},"level":"info","message":"","timestamp":"2018-01-23T00:10:07.612Z"}
{"0":{"bids":[[998.28,10],[998.23,5.5051],[997.76,5.011],[995.86,6.66],[995.48,10]],"asks":[[999.67,14.43448459],[1000.24,10.26257449],[1000.25,478.6836864],[1000.5,200.8],[1000.75,200]]},"1":{"bids":[[1001.47,14.69912784],[1001.47,2.17102637],[1001.47,2.17],[1001.32,0.05],[1001.01,0.35]],"asks":[[1001.48,4.156],[1001.53,0.014],[1001.6,0.47070966],[1001.74,0.01996526],[1001.78,0.01244964]],"time":1516666212651},"level":"info","message":"","timestamp":"2018-01-23T00:10:11.838Z"}
{"0":{"bids":[[998.28,5.5051],[997.76,5.011],[995.51,6.66],[995.49,3.55],[995.48,10]],"asks":[[999.67,9.41214389],[1000.24,10.26257449],[1000.25,478.6836864],[1000.5,200.8],[1000.75,200]]},"1":{"bids":[[1001.47,2],[1001.47,2.17102637],[1001.47,14.69912784],[1001.47,2.17],[1001.32,0.05]],"asks":[[1001.48,17.94477069],[1001.5,4.52],[1002,7.0655297],[1002,1],[1002,0.5]],"time":1516666216937},"level":"info","message":"","timestamp":"2018-01-23T00:10:16.103Z"}
{"0":{"bids":[[998.28,1.6136],[997.76,5.011],[995.9,3.41229755],[995.51,6.66],[995.49,3.55]],"asks":[[999.67,9.41214389],[1000.23,0.5104613],[1000.24,10.26257449],[1000.25,478.6836864],[1000.5,200.8]]},"1":{"bids":[[1001.47,2],[1001.47,2.17102637],[1001.47,14.69912784],[1001.47,2.17],[1001.47,0.32]],"asks":[[1001.48,17.94477069],[1001.5,4.52],[1002,7.0655297],[1002,1],[1002,0.5]],"time":1516666220942},"level":"info","message":"","timestamp":"2018-01-23T00:10:20.132Z"}
{"0":{"bids":[[998.28,1.6136],[995.92,6.66],[995.91,37.538],[995.9,3.41229755],[995.53,3.55]],"asks":[[999.67,9.41214389],[1000.23,0.5104613],[1000.24,10.26257449],[1000.25,478.6836864],[1000.5,200.8]]},"1":{"bids":[[1001.47,2],[1001.47,2.17102637],[1001.47,14.69912784],[1001.47,2.17],[1001.47,0.32]],"asks":[[1001.48,17.94477069],[1001.5,4.52],[1002,7.0655297],[1002,1],[1002,0.5]],"time":1516666226151},"level":"info","message":"","timestamp":"2018-01-23T00:10:25.312Z"}
{"0":{"bids":[[998.28,1.6136],[995.98,6.66],[995.97,3.54],[995.96,35.123],[995.9,3.41229755]],"asks":[[999.67,9.41214389],[1000.23,0.5104613],[1000.24,10.26257449],[1000.25,478.6836864],[1000.5,200.8]]},"1":{"bids":[[1001.49,2.17102637],[1001.49,14.69912784],[1001.49,0.35],[1001.48,2.17],[1001.47,2]],"asks":[[1001.5,4.52],[1002,7.0655297],[1002,1],[1002,0.5],[1002,10]],"time":1516666230296},"level":"info","message":"","timestamp":"2018-01-23T00:10:29.479Z"}
{"0":{"bids":[[998.54,11.6136],[996.06,5.006],[996.03,3.54],[996.02,38.451],[995.9,3.41229755]],"asks":[[999.67,9.41214389],[1000.23,0.5104613],[1000.24,10.26257449],[1000.25,478.6836864],[1000.5,200.8]]},"1":{"bids":[[1001.49,2.17102637],[1001.49,14.69912784],[1001.49,0.35],[1001.49,0.15],[1001.48,2.17]],"asks":[[1001.5,0.37317337],[1002,7.0655297],[1002,1],[1002,0.5],[1002,10]],"time":1516666234524},"level":"info","message":"","timestamp":"2018-01-23T00:10:33.685Z"}
{"0":{"bids":[[999,0.03],[998.57,4.999],[998.54,10],[996.11,6.66],[996.09,64.288]],"asks":[[1000.25,303.86331176],[1000.5,200.8],[1000.75,200],[1001,200],[1001.15,0.01988334]]},"1":{"bids":[[1001.99,2.17102637],[1001.99,14.69912784],[1001.99,10],[1001.99,2.17],[1001.99,20]],"asks":[[1002,0.13707527],[1002,0.5],[1002,10],[1002,0.25],[1002.06,0.052]],"time":1516666239704},"level":"info","message":"","timestamp":"2018-01-23T00:10:38.882Z"}
{"0":{"bids":[[999.7,1.6136],[999.67,7.5021353],[999,0.03],[998.57,4.999],[998.54,10]],"asks":[[1000.25,204.86272219],[1000.5,200.8],[1000.75,200],[1001,200],[1001.15,0.01988334]]},"1":{"bids":[[1002.99,14.69912784],[1002.99,2.17],[1002.99,2.17102637],[1002.98,10],[1002.84,0.05]],"asks":[[1003,1.01863879],[1003,0.77926196],[1003,7.30394461],[1003,5],[1003,0.5]],"time":1516666245909},"level":"info","message":"","timestamp":"2018-01-23T00:10:45.099Z"}
{"0":{"bids":[[1000.24,29.9],[999.71,10.8456],[999.67,7.5021353],[999,0.03],[998.58,61.571]],"asks":[[1000.25,125.25208319],[1000.5,200.8],[1000.75,200],[1001,200],[1001.15,0.01988334]]},"1":{"bids":[[1004.49,14.69912784],[1004.49,2.17102637],[1004.49,0.79],[1004.34,0.05],[1003.5,0.15944195]],"asks":[[1004.5,3.57920779],[1004.87,4.1747333],[1004.99,77.622],[1005,0.4957647],[1005,12]],"time":1516666250104},"level":"info","message":"","timestamp":"2018-01-23T00:10:49.261Z"}
{"0":{"bids":[[1000.24,32.6736],[999.67,7.5021353],[999,0.03],[998.65,4.994],[998.61,47.998]],"asks":[[1000.25,123.25890619],[1000.49,0.56814],[1000.5,200.8],[1000.75,200],[1001,200]]},"1":{"bids":[[1004.44,2.17102637],[1004.44,14.69912784],[1004.44,2],[1004.29,0.05],[1003.5,0.15944195]],"asks":[[1004.45,10],[1004.45,0.1],[1004.45,70.737],[1004.48,2],[1004.49,67.611]],"time":1516666254263},"level":"info","message":"","timestamp":"2018-01-23T00:10:53.420Z"}
{"0":{"bids":[[1000.24,12.7736],[999.67,7.5021353],[999,0.03],[998.65,4.994],[998.54,10]],"asks":[[1000.25,119.70590819],[1000.49,0.56814],[1000.5,200.8],[1000.75,200],[1001,200]]},"1":{"bids":[[1004.44,2.17102637],[1004.44,14.69912784],[1004.44,2],[1004.44,12.26837997],[1004.44,1.11]],"asks":[[1004.45,0.5],[1004.45,0.1],[1004.97,69.697],[1004.98,4.1747333],[1004.98,3.57834283]],"time":1516666258412},"level":"info","message":"","timestamp":"2018-01-23T00:10:57.598Z"}
{"0":{"bids":[[1000.24,31.5136],[999.67,7.5021353],[999,0.03],[998.65,4.994],[998.54,10]],"asks":[[1000.25,109.70590819],[1000.49,0.56814],[1000.5,200.8],[1000.75,200],[1001,200]]},"1":{"bids":[[1004.44,2.15552637],[1004.44,14.69912784],[1004.44,12.26837997],[1004.44,1.11],[1004.44,0.5]],"asks":[[1004.45,0.5],[1004.45,0.1],[1004.45,0.5],[1004.97,69.697],[1004.99,71.95]],"time":1516666262685},"level":"info","message":"","timestamp":"2018-01-23T00:11:01.843Z"}
{"0":{"bids":[[1000.24,31.5136],[999.67,7.5021353],[999,0.03],[998.65,4.994],[998.54,10]],"asks":[[1000.25,84.53442819],[1000.49,0.56814],[1000.5,200.8],[1000.75,200],[1001,200]]},"1":{"bids":[[1004.44,14.02372653],[1004.44,12.26837997],[1004.44,1.11],[1004.44,0.5],[1004.44,20]],"asks":[[1004.45,0.5],[1004.45,0.1],[1004.45,0.5],[1004.45,10],[1004.97,69.697]],"time":1516666266828},"level":"info","message":"","timestamp":"2018-01-23T00:11:05.986Z"}
{"0":{"bids":[[1000.24,31.5136],[999.67,7.5021353],[999,0.03],[998.69,11.984],[998.54,10]],"asks":[[1000.25,84.43442819],[1000.49,0.56814],[1000.5,200.8],[1000.75,200],[1001,200]]},"1":{"bids":[[1004.44,14.02372653],[1004.44,12.26837997],[1004.44,1.11],[1004.44,20],[1004.44,0.6]],"asks":[[1004.45,3.43244031],[1004.45,0.1],[1004.96,0.25],[1004.99,48.059],[1005,0.4957647]],"time":1516666270981},"level":"info","message":"","timestamp":"2018-01-23T00:11:10.135Z"}
{"0":{"bids":[[1000.24,41.5036],[999.67,7.5021353],[999,0.03],[998.71,13.873],[998.54,10]],"asks":[[1000.25,70.23885592],[1000.49,0.56814],[1000.5,200.8],[1000.75,200],[1001,200]]},"1":{"bids":[[1004.44,14.02372653],[1004.44,12.26837997],[1004.44,1.11],[1004.44,20],[1004.44,0.6]],"asks":[[1004.45,3.43244031],[1004.45,0.1],[1004.45,0.033577],[1004.46,0.45],[1004.96,0.25]],"time":1516666275116},"level":"info","message":"","timestamp":"2018-01-23T00:11:14.359Z"}
{"0":{"bids":[[1000.24,41.5036],[999.67,7.5021353],[999,0.03],[998.54,10],[995.9,3.41229755]],"asks":[[1000.25,69.97885592],[1000.49,0.56814],[1000.5,200.8],[1000.75,200],[1001,200]]},"1":{"bids":[[1004.99,4.7078501],[1004.99,14.02372653],[1004.46,0.15],[1004.44,12.26837997],[1004.44,20]],"asks":[[1005,1.46935387],[1005,0.25],[1005,0.49999952],[1005,4],[1005,6.68681018]],"time":1516666279358},"level":"info","message":"","timestamp":"2018-01-23T00:11:18.517Z"}
{"0":{"bids":[[1000.24,40.3536],[999.67,7.5021353],[999,0.03],[998.54,10],[995.9,3.41229755]],"asks":[[1000.25,59.97885592],[1000.49,0.56814],[1000.5,200.8],[1000.75,200],[1001,200]]},"1":{"bids":[[1004.99,4.7078501],[1004.99,14.02372653],[1004.99,0.15],[1004.99,3],[1004.99,12.26837997]],"asks":[[1005,1.25910975],[1005,6.68681018],[1005,0.18444868],[1005,0.1],[1005,0.1]],"time":1516666283527},"level":"info","message":"","timestamp":"2018-01-23T00:11:22.706Z"}
{"0":{"bids":[[1000.24,40.3536],[999.67,7.5021353],[999,0.03],[998.56,36.047],[998.54,10]],"asks":[[1000.25,55.89286674],[1000.49,0.56814],[1000.5,200.8],[1000.75,200],[1001,200]]},"1":{"bids":[[1004.99,4.7078501],[1004.99,14.02372653],[1004.99,0.15],[1004.99,3],[1004.99,12.26837997]],"asks":[[1005,0.51329536],[1005,6.68681018],[1005,0.18444868],[1005,0.1],[1005,0.1]],"time":1516666289734},"level":"info","message":"","timestamp":"2018-01-23T00:11:28.905Z"}
{"0":{"bids":[[1000.24,30.3536],[999.67,7.5021353],[998.59,24.032],[998.58,4.993],[998.54,10]],"asks":[[1000.25,55.10202231],[1000.49,0.56814],[1000.5,200.8],[1000.75,200],[1001,200]]},"1":{"bids":[[1004.99,4.7078501],[1004.99,14.02372653],[1004.99,0.15],[1004.99,3],[1004.99,12.26837997]],"asks":[[1005,2.18442563],[1005,39.818],[1005,2.19],[1005.01,0.85049358],[1005.03,0.017]],"time":1516666293905},"level":"info","message":"","timestamp":"2018-01-23T00:11:33.064Z"}
{"0":{"bids":[[1000.24,30.3536],[999.67,7.5021353],[998.58,4.993],[998.54,10],[995.9,3.41229755]],"asks":[[1000.25,55.10202231],[1000.49,0.56814],[1000.5,200.8],[1000.75,200],[1001,200]]},"1":{"bids":[[1004.99,2.64796105],[1004.99,14.02372653],[1004.99,0.15],[1004.99,3],[1004.99,12.26837997]],"asks":[[1005,2.18442563],[1005,0.1],[1005,0.5],[1005,38.678],[1005.01,0.85049358]],"time":1516666298032},"level":"info","message":"","timestamp":"2018-01-23T00:11:37.203Z"}
{"0":{"bids":[[1000.24,30.3536],[999.67,7.5021353],[998.58,4.993],[998.54,10],[995.93,11.10735066]],"asks":[[1000.25,54.70254216],[1000.49,0.56814],[1000.5,200.8],[1000.75,200],[1001,200]]},"1":{"bids":[[1004.99,2.64796105],[1004.99,14.02372653],[1004.99,0.15],[1004.99,3],[1004.99,12.26837997]],"asks":[[1005,2.18442563],[1005,0.1],[1005,0.5],[1005,38.678],[1005.01,0.85049358]],"time":1516666302236},"level":"info","message":"","timestamp":"2018-01-23T00:11:41.395Z"}
{"0":{"bids":[[1000.24,30.3536],[999.67,7.5021353],[998.59,34.895],[998.58,4.993],[998.54,10]],"asks":[[1000.25,54.67254216],[1000.49,0.56814],[1000.5,200.8],[1000.75,200],[1001,200]]},"1":{"bids":[[1004.99,2.64796105],[1004.99,14.02372653],[1004.99,0.15],[1004.99,3],[1004.99,12.26837997]],"asks":[[1005,1.45318652],[1005,0.1],[1005,0.5],[1005.01,0.85049358],[1005.03,0.017]],"time":1516666307421},"level":"info","message":"","timestamp":"2018-01-23T00:11:46.579Z"}
{"0":{"bids":[[1000.24,20.3536],[999.67,7.5021353],[998.6,18.877],[998.58,4.993],[998.54,10]],"asks":[[1000.25,33.00379444],[1000.49,0.74735],[1000.5,200.8],[1000.75,200],[1001,200]]},"1":{"bids":[[1004.99,2.62256105],[1004.99,14.02372653],[1004.99,0.15],[1004.99,3],[1004.99,12.26837997]],"asks":[[1005,0.37083265],[1005,0.5],[1005,9.6364],[1005.01,0.85049358],[1005.03,0.017]],"time":1516666312566},"level":"info","message":"","timestamp":"2018-01-23T00:11:51.748Z"}
{"0":{"bids":[[1000.49,10.3636],[1000.25,4.85456735],[1000.24,19.99],[999.67,7.5021353],[998.62,5.088]],"asks":[[1000.5,175.58219255],[1000.75,200],[1001,200],[1001.15,0.01988334],[1001.29,0.03026396]]},"1":{"bids":[[1004.99,2.25035849],[1004.99,14.02372653],[1004.99,3],[1004.99,12.26837997],[1004.99,2]],"asks":[[1005,4.78183265],[1005,0.69970081],[1005.01,0.85049358],[1005.03,0.017],[1005.04,0.01989971]],"time":1516666318789},"level":"info","message":"","timestamp":"2018-01-23T00:11:57.979Z"}
{"0":{"bids":[[1000.49,10.3636],[1000.25,4.85456735],[1000.24,19.99],[999.67,7.5021353],[998.62,5.088]],"asks":[[1000.5,167.76659255],[1000.75,200],[1001,200],[1001.15,0.01988334],[1001.29,0.03026396]]},"1":{"bids":[[1004.99,2.25035849],[1004.99,12.26837997],[1004.99,2],[1004.99,0.75],[1004.99,49.7]],"asks":[[1005,4.78183265],[1005,0.69970081],[1005,10],[1005,2.19],[1005,10]],"time":1516666323037},"level":"info","message":"","timestamp":"2018-01-23T00:12:02.195Z"}
{"0":{"bids":[[1000.49,15.21816735],[1000.24,9.99],[999.67,7.5021353],[998.62,5.088],[998.6,18.877]],"asks":[[1000.5,135.47331354],[1000.75,200],[1001,200],[1001.15,0.01988334],[1001.29,0.03026396]]},"1":{"bids":[[1004.99,10.40582546],[1004.99,2],[1004.99,49.7],[1004.99,0.37],[1004.99,0.15]],"asks":[[1005,4.78183265],[1005,0.69970081],[1005,10],[1005,2.19],[1005,10]],"time":1516666328247},"level":"info","message":"","timestamp":"2018-01-23T00:12:07.403Z"}
{"0":{"bids":[[1000.49,15.21816735],[1000.24,9.99],[999.67,7.5021353],[998.62,5.088],[998.6,18.877]],"asks":[[1000.5,135.47331354],[1000.74,0.51069],[1000.75,200],[1001,200],[1001.15,0.01988334]]},"1":{"bids":[[1004.99,10.40582546],[1004.99,2],[1004.99,49.7],[1004.99,0.37],[1004.99,0.15]],"asks":[[1005,4.78183265],[1005,0.69970081],[1005,10],[1005,2.19],[1005,10]],"time":1516666333364},"level":"info","message":"","timestamp":"2018-01-23T00:12:12.544Z"}
{"0":{"bids":[[1000.49,25.21816735],[1000.24,9.99],[999.67,7.5021353],[998.62,5.088],[998.6,18.877]],"asks":[[1000.5,128.5212197],[1000.74,0.51069],[1000.75,200],[1001,200],[1001.15,0.01988334]]},"1":{"bids":[[1004.99,10.40582546],[1004.99,2],[1004.99,49.7],[1004.99,0.37],[1004.99,0.15]],"asks":[[1005,3.80128188],[1005,2.19],[1005,0.5],[1005,0.59],[1005,0.85049358]],"time":1516666338616},"level":"info","message":"","timestamp":"2018-01-23T00:12:17.777Z"}
{"0":{"bids":[[1000.49,25.21816735],[1000.24,9.99],[999.67,7.5021353],[998.62,5.088],[998.6,18.877]],"asks":[[1000.5,128.5212197],[1000.74,0.51069],[1000.75,200],[1001,200],[1001.15,0.01988334]]},"1":{"bids":[[1004.99,9.9065471],[1004.99,2],[1004.99,49.7],[1004.99,0.37],[1004.99,0.15]],"asks":[[1005,3.80128188],[1005,2.19],[1005,0.5],[1005,0.59],[1005,0.85049358]],"time":1516666342809},"level":"info","message":"","timestamp":"2018-01-23T00:12:21.967Z"}
{"0":{"bids":[[1000.49,25.21816735],[1000.24,9.99],[999.67,7.5021353],[998.62,5.088],[998.6,18.877]],"asks":[[1000.5,106.3864927],[1000.74,0.51069],[1000.75,200],[1001,200],[1001.15,0.01988334]]},"1":{"bids":[[1004.99,8.9071471],[1004.99,2],[1004.99,49.7],[1004.99,0.37],[1004.99,0.15]],"asks":[[1005,3.76128188],[1005,0.5],[1005,0.59],[1005,0.85049358],[1005,4.78183265]],"time":1516666348028},"level":"info","message":"","timestamp":"2018-01-23T00:12:27.193Z"}
{"0":{"bids":[[1000.49,25.21816735],[1000.24,9.99],[999.71,4.991],[999.67,7.5021353],[998.6,18.877]],"asks":[[1000.5,34.7075047],[1000.74,0.51069],[1000.75,200],[1001,200],[1001.15,0.01988334]]},"1":{"bids":[[1004.99,8.9071471],[1004.99,2],[1004.99,49.7],[1004.99,0.37],[1004.99,0.15]],"asks":[[1005,3.76128188],[1005,0.5],[1005,0.59],[1005,0.85049358],[1005,4.78183265]],"time":1516666353225},"level":"info","message":"","timestamp":"2018-01-23T00:12:32.380Z"}
{"0":{"bids":[[1000.49,25.21816735],[1000.24,9.99],[999.71,4.991],[999.67,7.5021353],[998.6,18.877]],"asks":[[1000.5,23.69805466],[1000.75,200],[1000.99,1.14401],[1001,200],[1001.15,0.01988334]]},"1":{"bids":[[1005.01,0.46],[1005,13.62412653],[1004.99,8.9071471],[1004.99,2],[1004.99,49.7]],"asks":[[1005.03,0.5],[1005.33,55.30689193],[1005.34,74.359],[1005.35,20],[1005.45,6.8]],"time":1516666358399},"level":"info","message":"","timestamp":"2018-01-23T00:12:37.568Z"}
{"0":{"bids":[[1000.49,25.21816735],[1000.24,9.99],[999.71,4.991],[999.67,7.5021353],[998.6,18.877]],"asks":[[1000.5,13.69805466],[1000.75,200],[1000.99,1.14401],[1001,200],[1001.15,0.01988334]]},"1":{"bids":[[1005.01,0.46],[1005.01,8.9071471],[1005.01,13.62412653],[1005.01,0.14676693],[1005.01,43.80810909]],"asks":[[1005.02,2.19],[1005.02,4.78183265],[1005.03,0.5],[1005.33,55.30689193],[1005.34,74.359]],"time":1516666363617},"level":"info","message":"","timestamp":"2018-01-23T00:12:42.776Z"}
{"0":{"bids":[[1000.55,0.24300224],[1000.49,10],[1000.24,9.99],[999.71,4.991],[999.67,7.5021353]],"asks":[[1000.75,180.2805354],[1000.99,1.14401],[1001,200],[1001.15,0.01988334],[1001.29,0.03026396]]},"1":{"bids":[[1005.32,0.03590896],[1005.17,0.05],[1005.03,0.37],[1005.02,1.19],[1005.01,8.9071471]],"asks":[[1005.33,48.24541115],[1005.33,0.24],[1005.33,2.19],[1005.33,4.78183265],[1005.45,6.8]],"time":1516666368854},"level":"info","message":"","timestamp":"2018-01-23T00:12:48.030Z"}
{"0":{"bids":[[1000.74,15.21816735],[1000.55,0.24300224],[1000.49,10],[1000.24,9.99],[999.71,4.991]],"asks":[[1000.75,167.5720544],[1000.99,1.14401],[1001,200],[1001.15,0.01988334],[1001.29,0.03026396]]},"1":{"bids":[[1005.32,13.35166368],[1005.32,0.3],[1005.32,8.9071471],[1005.32,1],[1005.32,43.79460044]],"asks":[[1005.33,45.66693112],[1005.33,0.24],[1005.33,4.78183265],[1005.33,0.5],[1005.33,2.19]],"time":1516666373996},"level":"info","message":"","timestamp":"2018-01-23T00:12:53.209Z"}
{"0":{"bids":[[1000.74,15.21816735],[1000.55,0.24300224],[1000.49,10],[1000.24,9.99],[999.71,4.991]],"asks":[[1000.75,163.50390449],[1000.99,1.14401],[1001,200],[1001.15,0.01988334],[1001.29,0.03026396]]},"1":{"bids":[[1005.32,13.35166368],[1005.32,0.3],[1005.32,8.9071471],[1005.32,1],[1005.32,43.79460044]],"asks":[[1005.33,0.5],[1005.33,0.60487929],[1005.33,4.78183265],[1005.45,6.8],[1005.68,1.53713551]],"time":1516666379066},"level":"info","message":"","timestamp":"2018-01-23T00:12:58.437Z"}
{"0":{"bids":[[1000.74,15.21816735],[1000.55,0.24300224],[1000.24,9.99],[999.71,4.991],[999.67,7.5021353]],"asks":[[1000.75,117.82563034],[1000.99,1.14401],[1001,200],[1001.15,0.01988334],[1001.29,0.03026396]]},"1":{"bids":[[1005.32,5.53606368],[1005.32,0.3],[1005.32,8.9071471],[1005.32,1],[1005.32,43.79460044]],"asks":[[1005.33,0.5],[1005.33,0.60487929],[1005.33,4.78183265],[1005.33,10],[1005.33,0.96352469]],"time":1516666387492},"level":"info","message":"","timestamp":"2018-01-23T00:13:06.664Z"}
{"0":{"bids":[[1000.74,15.04897414],[1000.55,0.24300224],[1000.24,9.99],[999.71,4.991],[999.67,7.5021353]],"asks":[[1000.75,117.38307764],[1000.99,1.14401],[1001,200],[1001.15,0.01988334],[1001.29,0.03026396]]},"1":{"bids":[[1005.32,2.90240032],[1005.32,0.3],[1005.32,8.9071471],[1005.32,43.79460044],[1005.32,0.14676693]],"asks":[[1005.33,0.5],[1005.33,0.60487929],[1005.33,10],[1005.33,0.96352469],[1005.33,0.5]],"time":1516666392771},"level":"info","message":"","timestamp":"2018-01-23T00:13:11.945Z"}
{"0":{"bids":[[1000.74,15.04897414],[1000.55,0.24300224],[1000.5,0.05],[1000.24,9.99],[999.71,4.991]],"asks":[[1000.75,96.98509615],[1000.99,1.14401],[1001,200],[1001.15,0.01988334],[1001.29,0.03026396]]},"1":{"bids":[[1005.32,2.90240032],[1005.32,0.3],[1005.32,8.9071471],[1005.32,0.14676693],[1005.32,49.7]],"asks":[[1005.33,5.12553623],[1005.33,0.96352469],[1005.33,0.5],[1005.33,2.19],[1005.33,0.5]],"time":1516666400090},"level":"info","message":"","timestamp":"2018-01-23T00:13:19.253Z"}
{"0":{"bids":[[1000.74,4.99814863],[1000.55,0.24300224],[1000.5,0.05],[1000.24,9.99],[999.75,0.14]],"asks":[[1000.75,76.98509615],[1000.99,1.14401],[1001,200],[1001.15,0.01988334],[1001.29,0.03026396]]},"1":{"bids":[[1005.32,8.76929271],[1005.32,0.14676693],[1005.32,49.7],[1005.32,2.42715836],[1005.32,0.08]],"asks":[[1005.33,5.12553623],[1005.33,0.96352469],[1005.33,0.5],[1005.33,2.19],[1005.33,0.5]],"time":1516666406359},"level":"info","message":"","timestamp":"2018-01-23T00:13:25.528Z"}
{"0":{"bids":[[1000.74,4.98790237],[1000.55,0.24300224],[1000.5,0.05],[1000.24,9.99],[999.75,0.14]],"asks":[[1000.75,76.98509615],[1000.99,1.14401],[1001,200],[1001.15,0.01988334],[1001.29,0.03026396]]},"1":{"bids":[[1005.32,8.76929271],[1005.32,0.14676693],[1005.32,49.7],[1005.32,2.42715836],[1005.32,1]],"asks":[[1005.33,4.13381315],[1005.33,0.96352469],[1005.33,0.5],[1005.33,2.19],[1005.33,0.5]],"time":1516666410513},"level":"info","message":"","timestamp":"2018-01-23T00:13:29.687Z"}
{"0":{"bids":[[1000.74,4.97150019],[1000.55,0.24300224],[1000.5,0.05],[1000.24,9.99],[999.75,0.14]],"asks":[[1000.75,73.68656715],[1000.99,1.14401],[1001,200],[1001.15,0.01988334],[1001.29,0.03026396]]},"1":{"bids":[[1005.32,7.76929271],[1005.32,0.14676693],[1005.32,49.7],[1005.32,2.42715836],[1005.32,1]],"asks":[[1005.33,4.13381315],[1005.33,0.96352469],[1005.33,0.5],[1005.33,2.19],[1005.33,0.5]],"time":1516666414610},"level":"info","message":"","timestamp":"2018-01-23T00:13:33.850Z"}
{"0":{"bids":[[1000.74,4.97150019],[1000.55,0.24300224],[1000.5,0.05],[1000.24,9.99],[999.75,0.14]],"asks":[[1000.75,73.68656715],[1000.99,1.14401],[1001,200],[1001.15,0.01988334],[1001.29,0.03026396]]},"1":{"bids":[[1005.32,44.84474607],[1005.32,2.42715836],[1005.32,1],[1005.32,0.5],[1005.32,0.01]],"asks":[[1005.33,0.85743784],[1005.33,5],[1005.33,0.2],[1005.33,0.7],[1005.33,0.7]],"time":1516666418822},"level":"info","message":"","timestamp":"2018-01-23T00:13:37.981Z"}
{"0":{"bids":[[1000.74,4.97150019],[1000.55,0.24300224],[1000.5,0.05],[1000.24,9.99],[999.75,0.14]],"asks":[[1000.75,73.68656715],[1000.99,1.14401],[1001,200],[1001.15,0.01988334],[1001.29,0.03026396]]},"1":{"bids":[[1005.32,44.84474607],[1005.32,2.42715836],[1005.32,1],[1005.32,0.5],[1005.32,0.01]],"asks":[[1005.33,0.85743784],[1005.33,5],[1005.33,0.2],[1005.33,0.7],[1005.33,0.7]],"time":1516666422977},"level":"info","message":"","timestamp":"2018-01-23T00:13:42.173Z"}
{"0":{"bids":[[1000.74,4.97150019],[1000.55,0.24300224],[1000.5,0.05],[1000.24,9.99],[999.75,0.14]],"asks":[[1000.75,63.47902302],[1000.99,1.14401],[1001,200],[1001.15,0.01988334],[1001.29,0.03026396]]},"1":{"bids":[[1005.32,44.84474607],[1005.32,2.42715836],[1005.32,1],[1005.32,0.5],[1005.32,0.01]],"asks":[[1005.33,4.6988276],[1005.33,0.2],[1005.33,0.7],[1005.33,0.7],[1005.33,0.11]],"time":1516666428220},"level":"info","message":"","timestamp":"2018-01-23T00:13:47.374Z"}
{"0":{"bids":[[1000.74,4.97150019],[1000.55,0.24300224],[1000.5,0.05],[1000.24,9.99],[999.75,0.14]],"asks":[[1000.75,39.29014359],[1000.99,1.14401],[1001,200],[1001.15,0.01988334],[1001.29,0.03026396]]},"1":{"bids":[[1005.32,29.84474607],[1005.32,2.42715836],[1005.32,1],[1005.32,0.5],[1005.32,0.01]],"asks":[[1005.33,3.21124297],[1005.33,0.2],[1005.33,0.7],[1005.33,0.7],[1005.33,0.11]],"time":1516666433426},"level":"info","message":"","timestamp":"2018-01-23T00:13:52.604Z"}
{"0":{"bids":[[1000.74,4.97150019],[1000.55,0.24300224],[1000.5,0.05],[1000.24,9.99],[999.75,0.14]],"asks":[[1000.75,38.89195138],[1000.99,1.14401],[1001,200],[1001.15,0.01988334],[1001.29,0.03026396]]},"1":{"bids":[[1005.32,23.90739594],[1005.32,2.42715836],[1005.32,1],[1005.32,0.5],[1005.32,0.01]],"asks":[[1005.33,3.21124297],[1005.33,0.2],[1005.33,0.7],[1005.33,0.7],[1005.33,0.11]],"time":1516666439717},"level":"info","message":"","timestamp":"2018-01-23T00:13:58.879Z"}
{"0":{"bids":[[1000.74,4.97150019],[1000.55,0.24300224],[1000.5,0.05],[1000.24,9.99],[999.75,0.14]],"asks":[[1000.75,38.49375917],[1000.99,1.14401],[1001,200],[1001.15,0.01988334],[1001.29,0.03026396]]},"1":{"bids":[[1005.32,23.90739594],[1005.32,2.42715836],[1005.32,1],[1005.32,0.5],[1005.32,0.01]],"asks":[[1005.33,2.2279892],[1005.33,0.2],[1005.33,0.7],[1005.33,0.7],[1005.33,0.11]],"time":1516666444949},"level":"info","message":"","timestamp":"2018-01-23T00:14:04.119Z"}
{"0":{"bids":[[1000.74,4.97150019],[1000.55,0.24300224],[1000.5,0.05],[1000.24,9.99],[999.75,0.14]],"asks":[[1000.75,35.25553106],[1000.99,1.14401],[1001,200],[1001.15,0.01988334],[1001.29,0.03026396]]},"1":{"bids":[[1005.32,23.90739594],[1005.32,2.42715836],[1005.32,1],[1005.32,0.5],[1005.32,0.01]],"asks":[[1005.33,2.2279892],[1005.33,0.7],[1005.33,0.11],[1005.33,15.02849981],[1005.33,6]],"time":1516666449216},"level":"info","message":"","timestamp":"2018-01-23T00:14:08.372Z"}
{"0":{"bids":[[1000.74,7.54150019],[1000.55,0.24300224],[1000.5,0.05],[1000.24,9.99],[999.75,0.14]],"asks":[[1000.75,34.85733885],[1000.99,1.14401],[1001,200],[1001.15,0.01988334],[1001.29,0.03026396]]},"1":{"bids":[[1005.32,23.90739594],[1005.32,2.42715836],[1005.32,1],[1005.32,0.5],[1005.32,0.01]],"asks":[[1005.33,12.99045356],[1005.33,6],[1005.33,0.02],[1005.33,1.87],[1005.33,34.088]],"time":1516666453408},"level":"info","message":"","timestamp":"2018-01-23T00:14:12.597Z"}
{"0":{"bids":[[1000.8,10.39819221],[1000.55,0.24300224],[1000.5,0.05],[1000.24,9.99],[999.75,0.14]],"asks":[[1000.99,1.0429596],[1001,200],[1001.15,0.01988334],[1001.29,0.03026396],[1001.5,500.0178938]]},"1":{"bids":[[1005.32,23.90739594],[1005.32,2.42715836],[1005.32,1],[1005.32,0.5],[1005.32,0.01]],"asks":[[1005.33,19.48356911],[1005.33,0.14],[1005.33,10],[1005.33,0.5],[1005.33,0.2]],"time":1516666457644},"level":"info","message":"","timestamp":"2018-01-23T00:14:16.800Z"}
{"0":{"bids":[[1000.99,4.97150019],[1000.8,0.39819221],[1000.55,0.24300224],[1000.5,0.05],[1000.24,9.99]],"asks":[[1001,190.52859619],[1001.15,0.01988334],[1001.29,0.03026396],[1001.5,500.0178938],[1001.8,0.02207146]]},"1":{"bids":[[1005.32,16.09611697],[1005.32,2.42715836],[1005.32,1],[1005.32,0.5],[1005.32,0.01]],"asks":[[1005.33,18.49184603],[1005.33,0.14],[1005.33,10],[1005.33,0.5],[1005.33,0.2]],"time":1516666461737},"level":"info","message":"","timestamp":"2018-01-23T00:14:20.915Z"}
{"0":{"bids":[[1000.99,4.97150019],[1000.8,0.39819221],[1000.55,0.24300224],[1000.5,0.05],[1000.24,9.99]],"asks":[[1001,190.52859619],[1001.15,0.01988334],[1001.29,0.03026396],[1001.5,500.0178938],[1001.8,0.02207146]]},"1":{"bids":[[1005.32,15.91261676],[1005.32,2.42715836],[1005.32,1],[1005.32,0.5],[1005.32,0.01]],"asks":[[1005.33,18.49184603],[1005.33,0.14],[1005.33,10],[1005.33,0.5],[1005.33,0.2]],"time":1516666466954},"level":"info","message":"","timestamp":"2018-01-23T00:14:26.116Z"}
{"0":{"bids":[[1000.99,6.10906019],[1000.8,0.39819221],[1000.55,0.24300224],[1000.5,0.05],[1000.24,9.99]],"asks":[[1001,190.52859619],[1001.15,0.01988334],[1001.29,0.03026396],[1001.5,500.0178938],[1001.8,0.02207146]]},"1":{"bids":[[1005.32,15.91261676],[1005.32,2.42715836],[1005.32,1],[1005.32,0.5],[1005.32,0.01]],"asks":[[1005.33,3.49184603],[1005.33,0.14],[1005.33,10],[1005.33,0.5],[1005.33,0.2]],"time":1516666474241},"level":"info","message":"","timestamp":"2018-01-23T00:14:33.404Z"}
{"0":{"bids":[[1000.99,6.10906019],[1000.8,0.39819221],[1000.55,0.24300224],[1000.5,0.05],[1000.24,9.99]],"asks":[[1001,146.38319974],[1001.15,0.01988334],[1001.29,0.03026396],[1001.5,500.0178938],[1001.8,0.02207146]]},"1":{"bids":[[1005.32,15.91261676],[1005.32,2.42715836],[1005.32,1],[1005.32,0.5],[1005.32,0.01]],"asks":[[1005.33,3.49184603],[1005.33,0.14],[1005.33,10],[1005.33,0.5],[1005.33,0.2]],"time":1516666480486},"level":"info","message":"","timestamp":"2018-01-23T00:14:39.700Z"}
{"0":{"bids":[[1000.99,6.10906019],[1000.8,0.39819221],[1000.55,0.24300224],[1000.5,0.05],[1000.24,9.99]],"asks":[[1001,126.43041393],[1001.15,0.01988334],[1001.29,0.03026396],[1001.5,500.0178938],[1001.8,0.02207146]]},"1":{"bids":[[1005.35,0.05],[1005.35,0.02],[1005.35,0.12],[1005.32,15.91261676],[1005.32,2.42715836]],"asks":[[1005.36,1.87],[1005.36,12.846],[1005.36,0.5],[1005.36,16.46093981],[1005.45,20]],"time":1516666484679},"level":"info","message":"","timestamp":"2018-01-23T00:14:43.893Z"}
{"0":{"bids":[[1000.99,3.53906019],[1000.8,0.39819221],[1000.55,0.24300224],[1000.5,0.05],[1000.24,9.99]],"asks":[[1001,123.76347753],[1001.15,0.01988334],[1001.29,0.03026396],[1001.5,500.0178938],[1001.8,0.02207146]]},"1":{"bids":[[1005.32,15.91261676],[1005.32,2.42715836],[1005.32,1],[1005.32,0.01],[1005.32,0.4]],"asks":[[1005.33,16.46093981],[1005.33,1.87],[1005.36,12.846],[1005.36,0.5],[1005.36,10]],"time":1516666488891},"level":"info","message":"","timestamp":"2018-01-23T00:14:48.051Z"}
{"0":{"bids":[[1000.99,3.53906019],[1000.8,0.39819221],[1000.55,0.24300224],[1000.5,0.05],[1000.24,9.99]],"asks":[[1001,123.76347753],[1001.15,0.01988334],[1001.29,0.03026396],[1001.49,1.20564],[1001.5,500.0178938]]},"1":{"bids":[[1005.32,15.91261676],[1005.32,2.42715836],[1005.32,1],[1005.32,0.01],[1005.32,0.4]],"asks":[[1005.33,16.46093981],[1005.33,1.87],[1005.33,10],[1005.35,20],[1005.36,12.846]],"time":1516666493036},"level":"info","message":"","timestamp":"2018-01-23T00:14:52.226Z"}
{"0":{"bids":[[1000.99,3.53906019],[1000.8,0.39819221],[1000.55,0.24300224],[1000.5,0.05],[1000.24,9.99]],"asks":[[1001,123.01234738],[1001.15,0.01988334],[1001.29,0.03026396],[1001.49,1.20564],[1001.5,500.0178938]]},"1":{"bids":[[1005.32,15.91261676],[1005.32,2.42715836],[1005.32,1],[1005.32,0.01],[1005.32,0.4]],"asks":[[1005.33,1.85016554],[1005.33,20],[1005.33,16.46093981],[1005.33,10],[1005.33,10]],"time":1516666499330},"level":"info","message":"","timestamp":"2018-01-23T00:14:58.508Z"}
{"0":{"bids":[[1000.99,3.53906019],[1000.8,0.39819221],[1000.55,0.24300224],[1000.5,0.05],[1000.24,9.99]],"asks":[[1001,121.45712338],[1001.15,0.01988334],[1001.29,0.03026396],[1001.49,1.20564],[1001.5,500.0178938]]},"1":{"bids":[[1005.32,4.98971451],[1005.32,2],[1005.32,0.25],[1005.32,1.26],[1005.32,5.61046491]],"asks":[[1005.33,1.75099324],[1005.33,16.46093981],[1005.33,10],[1005.33,41.127],[1005.33,10]],"time":1516666504533},"level":"info","message":"","timestamp":"2018-01-23T00:15:03.726Z"}
{"0":{"bids":[[1000.99,3.53906019],[1000.8,0.39819221],[1000.7,0.1],[1000.55,0.24300224],[1000.5,0.05]],"asks":[[1001,111.19141662],[1001.15,0.01988334],[1001.29,0.03026396],[1001.49,1.20564],[1001.5,500.0178938]]},"1":{"bids":[[1005.32,3.98971451],[1005.32,2],[1005.32,0.25],[1005.32,1.26],[1005.32,5.61046491]],"asks":[[1005.33,10],[1005.33,0.12],[1005.33,1.61],[1005.33,16.46093981],[1005.33,2]],"time":1516666508724},"level":"info","message":"","timestamp":"2018-01-23T00:15:07.913Z"}
{"0":{"bids":[[1000.99,3.53906019],[1000.8,0.39819221],[1000.55,0.24300224],[1000.5,0.05],[1000.24,9.99]],"asks":[[1001,78.61107894],[1001.15,0.01988334],[1001.29,0.03026396],[1001.49,1.20564],[1001.5,500.0178938]]},"1":{"bids":[[1005.32,2.17212025],[1005.32,2],[1005.32,0.25],[1005.32,1.26],[1005.32,5.61046491]],"asks":[[1005.33,5.04138456],[1005.33,0.12],[1005.33,1.61],[1005.33,16.46093981],[1005.33,2]],"time":1516666513989},"level":"info","message":"","timestamp":"2018-01-23T00:15:13.149Z"}
{"0":{"bids":[[1000.99,3.53906019],[1000.8,0.39819221],[1000.55,0.24300224],[1000.5,0.05],[1000.24,9.99]],"asks":[[1001,69.39000889],[1001.15,0.01988334],[1001.29,0.03026396],[1001.49,1.20564],[1001.5,500.0178938]]},"1":{"bids":[[1005.32,2.17212025],[1005.32,2],[1005.32,0.25],[1005.32,1.26],[1005.32,5.61046491]],"asks":[[1005.33,4.94221226],[1005.33,0.12],[1005.33,1.61],[1005.33,16.46093981],[1005.33,2]],"time":1516666518097},"level":"info","message":"","timestamp":"2018-01-23T00:15:17.321Z"}
{"0":{"bids":[[1000.99,3.53906019],[1000.8,0.39819221],[1000.55,0.24300224],[1000.5,0.05],[1000.24,9.99]],"asks":[[1001,61.06222115],[1001.15,0.01988334],[1001.29,0.03026396],[1001.49,1.20564],[1001.5,500.0178938]]},"1":{"bids":[[1005.31,0.79515471],[1005.3,15.55883786],[1005.3,0.09947279],[1005.3,0.025],[1005.3,5]],"asks":[[1005.32,5.5593],[1005.33,2],[1005.33,15],[1005.33,1],[1005.33,0.21]],"time":1516666522331},"level":"info","message":"","timestamp":"2018-01-23T00:15:21.527Z"}
{"0":{"bids":[[1000.99,3.53906019],[1000.8,0.39819221],[1000.55,0.24300224],[1000.5,0.05],[1000.24,9.99]],"asks":[[1001,50.39542115],[1001.15,0.01988334],[1001.29,0.03026396],[1001.49,1.20564],[1001.5,500.0178938]]},"1":{"bids":[[1005.31,0.78360796],[1005.31,11],[1005.3,15.55883786],[1005.3,0.09947279],[1005.3,0.025]],"asks":[[1005.32,20],[1005.32,10],[1005.32,1.18],[1005.32,16.46093981],[1005.32,12.161]],"time":1516666528563},"level":"info","message":"","timestamp":"2018-01-23T00:15:27.723Z"}
{"0":{"bids":[[1000.99,3.53906019],[1000.8,0.39819221],[1000.55,0.24300224],[1000.5,0.05],[1000.24,9.99]],"asks":[[1001,50.39542115],[1001.15,0.01988334],[1001.29,0.03026396],[1001.49,1.71868],[1001.5,500.0178938]]},"1":{"bids":[[1005.31,0.78360796],[1005.31,11],[1005.3,15.55883786],[1005.3,0.09947279],[1005.3,0.025]],"asks":[[1005.32,20],[1005.32,10],[1005.32,1.18],[1005.32,16.46093981],[1005.32,12.161]],"time":1516666533732},"level":"info","message":"","timestamp":"2018-01-23T00:15:32.915Z"}
{"0":{"bids":[[1000.99,3.53906019],[1000.8,0.39819221],[1000.55,0.24300224],[1000.5,0.05],[1000.24,9.99]],"asks":[[1001,49.48530315],[1001.15,0.01988334],[1001.29,0.03026396],[1001.49,1.71868],[1001.5,500.0178938]]},"1":{"bids":[[1005.31,10.34055678],[1005.3,15.55883786],[1005.3,0.09947279],[1005.3,0.025],[1005.3,5]],"asks":[[1005.32,20],[1005.32,10],[1005.32,1.18],[1005.32,16.46093981],[1005.32,12.161]],"time":1516666540980},"level":"info","message":"","timestamp":"2018-01-23T00:15:40.139Z"}
{"0":{"bids":[[1000.77,0.39809144],[997.41,4.21537446],[997.4,0.2189516],[997.39,3],[996.78,11.10735066]],"asks":[[1001,36.98949336],[1001.15,0.01988334],[1001.29,0.03026396],[1001.49,1.71868],[1001.5,500.0178938]]},"1":{"bids":[[1001.4,1.42994479],[1001.4,8.0038945],[1001.32,0.011],[1001.01,0.15],[1001.01,1.19]],"asks":[[1002.83,1.14],[1002.84,0.01994336],[1003.01,14.24898136],[1003.02,10],[1003.49,20]],"time":1516666547331},"level":"info","message":"","timestamp":"2018-01-23T00:15:46.486Z"}
{"0":{"bids":[[1000.77,0.00009144],[997.44,0.01413625],[997.43,6.66],[997.41,0.67537446],[997.4,0.2189516]],"asks":[[1000.99,1.71868],[1001,36.78949336],[1001.15,0.01988334],[1001.29,0.03026396],[1001.5,500.0178938]]},"1":{"bids":[[1002.1,0.08587533],[1002.07,0.1],[1001.84,0.1],[1001.84,0.1],[1001.74,0.01996526]],"asks":[[1002.11,10],[1002.25,0.05],[1004.48,0.1],[1004.49,44.50257498],[1004.69,0.01]],"time":1516666551391},"level":"info","message":"","timestamp":"2018-01-23T00:15:50.548Z"}
{"0":{"bids":[[1000.77,0.00009144],[997.41,0.01413625],[997.4,0.2189516],[996.93,11.10735066],[996.92,6.66]],"asks":[[1000.99,1.71868],[1001,36.78949336],[1001.15,0.01988334],[1001.29,0.03026396],[1001.5,500.0178938]]},"1":{"bids":[[1001.01,5.9596028],[1001,83.65992159],[1000.99,0.02],[1000.99,0.02],[1000.64,0.01998721]],"asks":[[1001.02,20],[1001.02,10],[1001.02,0.98],[1001.15,20],[1001.16,0.05]],"time":1516666555560},"level":"info","message":"","timestamp":"2018-01-23T00:15:54.714Z"}
{"0":{"bids":[[1000.77,0.00009144],[997.41,0.67537446],[997.4,0.2189516],[997.02,4.998],[996.19,4]],"asks":[[1000.99,1.72367975],[1001,36.78949336],[1001.15,0.01988334],[1001.29,0.03026396],[1001.49,16.654]]},"1":{"bids":[[1001,74.1911981],[1001,0.14],[1000.99,0.02],[1000.99,0.02],[1000.92,0.1]],"asks":[[1001.01,20],[1001.01,20],[1001.01,10],[1001.02,10],[1001.02,0.98]],"time":1516666559753},"level":"info","message":"","timestamp":"2018-01-23T00:15:58.904Z"}
{"0":{"bids":[[1000.77,0.00009144],[997.5,6.66],[997.48,0.67532707],[997.46,0.67534061],[997.45,4.998]],"asks":[[1000.98,0.13897369],[1000.99,1.72367975],[1001,36.78949336],[1001.15,0.01988334],[1001.29,0.03026396]]},"1":{"bids":[[1001,74.1911981],[1001,0.14],[1001,2],[1001,1],[1000.99,0.02]],"asks":[[1001.01,20],[1001.01,10],[1001.01,20],[1001.02,10],[1001.02,0.98]],"time":1516666563759},"level":"info","message":"","timestamp":"2018-01-23T00:16:03.048Z"}
